2846 4574
502 254 653 308 esurus,
690 232 860 322 6166161.
1160 253 1220 311 113

143 440 246 506 partes
260 431 394 505 reliquit.
426 430 522 489 voluit
537 430 709 488 adulescens
731 431 763 488 in
785 431 899 490 colonia
914 430 1099 490 Narbonensi
1114 446 1221 489 causae

143 517 295 590 popularis
311 515 425 591 aliquid
441 516 591 588 attingere
606 532 728 591 eamque
743 515 894 591 coloniam,
910 521 944 574 ut
958 516 1037 591 iecit,
1053 517 1117 591 ipse
1132 515 1225 596 dedu-¹

144 619 225 674 cere;
249 606 348 660 exstat
364 602 396 659 in
411 617 475 659 eam
489 602 586 674 legem
602 601 708 676 senior,
731 601 825 660 atita
840 602 942 677 <licam
960 618 1045 674 quam
1061 603 1116 660 illa
1138 605 1221 659 aetas

146 689 262 746 ferebat
276 687 380 746 oratio.
410 686 521 744 multae
536 686 641 745 deinde
656 703 769 762 causae,
786 687 838 744 sed
852 687 897 746 ita
911 687 1020 746 tacitus
1041 688 1220 760 tribunatus,

144 777 179 830 ut
200 773 259 831 nisi
280 773 312 830 in
335 789 368 831 eo
390 772 571 844 magistratu
593 773 759 831 cenavisset
781 772 859 844 apud
881 788 1055 847 praeconem
1077 771 1221 831 Granium

143 857 233 932 idque
248 857 331 917 nobis
342 857 388 915 bis
403 857 589 917 narravisset
602 857 744 932 Lucilius,
759 858 911 917 tribunum
926 858 1021 931 plebis
1042 858 1221 916 nesciremus
1277 917 1285 935 ,

145 943 245 1002 tuisse.
273 943 323 1001 Ita
338 959 468 1017 prorsus,
483 943 581 1014 inquit
595 942 716 1017 Brutus,
733 942 785 1000 sed
806 959 843 1000 ne
865 943 901 1002 <le
924 941 1081 1002 Scaevolae
1104 941 1221 1018 quidem

145 1028 302 1087 tribunatu
313 1027 470 1103 quicquam
482 1026 630 1087 audivisse
637 1027 740 1086 videor
752 1033 783 1085 et
795 1044 860 1086 aum
872 1028 1016 1101 collegam
1027 1027 1220 1086 Crassioredo

144 1113 245 1172 fuisse.
280 1112 420 1172 Omnibus
436 1113 552 1186 quidem
567 1112 641 1187 aliis,
656 1113 783 1188 inquam
799 1113 831 1170 in
845 1114 1080 1188 magistratibus,
1093 1114 1144 1172 sed
1165 1113 1220 1170 tri·
1230 1116 1278 1168 161.

147 1199 244 1256 bunus
266 1215 343 1256 anno
366 1203 434 1270 post
448 1199 514 1274 fuit,
538 1214 628 1273 eoque
650 1198 682 1256 in
697 1196 802 1257 rostris
819 1198 939 1258 sedente
954 1199 1049 1258 suasit
1064 1197 1222 1258 Serviliam

146 1283 244 1356 legem
265 1281 403 1356 Crassum
425 1300 494 1342 nam
516 1299 670 1342 censuram
691 1284 754 1342 sine
770 1281 912 1344 Scaevola
933 1285 1034 1358 gessit,
1058 1300 1125 1342 eum
1148 1285 1225 1342 enim

146 1484 179 1533 5:
197 1479 290 1534 Narbo
302 1479 426 1534 Martius
439 1481 470 1533 in
483 1479 578 1535 Gallia
590 1480 658 1533 Por·
712 1481 743 1533 8:
761 1496 823 1533 curn
835 1481 860 1534 is
870 1479 1181 1550 bonorificentissumann
1193 1485 1225 1539 in

142 1549 184 1601 aio
201 1547 359 1616 Marcioque
376 1565 441 1602 coss.
459 1549 574 1602 dedowta
590 1548 660 1603 coto·
712 1564 755 1601 nae
772 1549 937 1602 sententiam
954 1550 1077 1605 diruat.
1110 1551 1184 1607 Caes.
1196 1554 1222 1607 b.

143 1617 194 1670 nia
211 1621 258 1683 est,
278 1616 317 1670 im
334 1617 360 1671 J.
381 1619 443 1676 118;
462 1615 573 1670 deshalb
594 1616 659 1684 fiigt
712 1615 745 1670 G.
763 1616 843 1670 143:
871 1621 983 1673 senatus
1000 1620 1126 1675 consulta
1142 1621 1224 1678 bono-

144 1683 238 1739 Cicero
256 1684 413 1739 waleranus
424 1684 516 1751 hinnu,
535 1684 599 1738 weil
610 1685 659 1738 das
712 1685 790 1752 rifiea
806 1685 838 1739 in
856 1702 899 1740 eos
916 1687 998 1754 facta.
1021 1719 1054 1726 -
1071 1691 1163 1744 senior
1179 1690 1224 1745 be-

144 1753 241 1807 vorher
274 1753 414 1808 erwihnte
446 1751 576 1820 Ereignis
612 1753 660 1807 der
712 1752 837 1808 zeiohnet
855 1754 899 1808 die
924 1755 984 1809 dam
1001 1757 1080 1811 Alter
1097 1759 1224 1827 gewbbn·

144 1820 207 1874 Zeit
235 1821 306 1874 nach
336 1826 428 1887 spsaer
453 1836 518 1873 war.
547 1851 578 1858 -
597 1838 659 1874 cau
713 1821 780 1875 oben
808 1821 1035 1890 Eigsnsohaftem
1063 1825 1124 1880 hier
1153 1828 1225 1881 wohl

143 1906 192 1942 sae
215 1887 387 1957 paenuria..
410 1893 467 1942 163.
498 1888 531 1942 (le
560 1887 603 1943 oii.
632 1888 661 1942 11
713 1889 793 1943 Raiie
818 1890 876 1943 und
901 1891 1104 1948 Besonnenheit
1122 1910 1223 1963 gegan-

145 1961 197 2010 63:
227 1957 291 2011 bace
321 1956 478 2036 benignitas
508 1957 591 2010 etiam
620 1958 661 2010 rei
712 1956 779 2010 iiber
796 1957 973 2024 sprudelndar
992 1961 1084 2014 Krait.
1112 1966 1169 2016 321.
1190 1994 1225 2002 -

139 2024 272 2092 nubiriae
290 2028 331 2079 est
347 2025 434 2094 utatis,
458 2025 558 2078 redimi
576 2042 589 2077 e
605 2041 660 2078 ser·
712 2027 803 2078 atita
820 2026 917 2079 dream.
937 2030 978 2080 96.
1003 2058 1038 2066 -
1065 2029 1238 2086 tribunatus

145 2095 232 2146 adiuta
249 2095 349 2160 captos,
378 2092 539 2160 mpietari
556 2094 660 2147 tenuio-
712 2093 751 2146 im
776 2092 879 2147 ι1161.
906 2124 940 2132 —
967 2095 998 2174 Q.
1019 2094 1150 2164 Granius,
1178 2099 1225 2152 der

146 2177 206 2214 res:
233 2161 430 2230 quodquidam
453 2160 529 2229 rotgo
547 2161 661 2215 solitum
712 2176 821 2228 praeco,
857 2178 916 2216 war
950 2178 1038 2230 semes
1074 2164 1224 2221 beissenden

142 2229 209 2298 fieri
224 2229 259 2282 ab
277 2230 373 2284 ordine
384 2233 478 2284 nostro
495 2230 526 2283 in
539 2231 662 2284 oratione
713 2229 819 2285 Witzes
855 2245 951 2299 wegen
985 2231 1113 2287 beriihmt
1147 2238 1224 2303 (172),

148 2297 243 2351 Crassi
258 2299 393 2365 scribtura
410 2299 514 2365 capuae
531 2299 660 2352 aidanus.
713 2297 765 2352 mit
793 2299 923 2352 walchem
952 2315 981 2354 ar
1012 2301 1083 2354 auch
1112 2301 1224 2357 Crassus
1299 2349 1302 2354 .

144 2366 224 2420 Auah
249 2365 279 2419 in
306 2366 419 2420 andater
447 2365 540 2421 Weiss
568 2365 661 2434 zeigta
712 2365 791 2420 nicht
810 2367 930 2422 schonta.
965 2384 991 2434 p.
1009 2369 1102 2424 Pleno.
1122 2375 1154 2424 33
1178 2372 1225 2426 ille

143 2434 205 2488 sich
231 2433 290 2488 dies
308 2433 458 2488 Bestraben
483 2435 554 2491 naob
571 2434 660 2501 Popu-
713 2434 747 2488 L.
767 2434 870 2502 Crassi,
889 2436 937 2490 ille
953 2435 994 2490 M.
1007 2437 1117 2494 Antoni
1132 2440 1226 2494 notun·

144 2501 251 2582 lanitii.
260 2518 285 2569 p.
297 2502 403 2583 cluent.
424 2506 488 2582 iio:
506 2504 537 2557 in
554 2503 661 2557 duona·
714 2506 798 2556 tatem
811 2505 998 2585 asperioribus
1023 2507 1131 2574 facetir's
1148 2525 1194 2562 sae
1213 2527 1227 2562 e

149 2575 661 2709 tt⁶..ttn”t²btanttt0bz
708 2574 1227 2700 interamnenses

149 2706 270 2774 rebatur,
288 2711 425 2775 quantuni
436 2711 531 2776 potest
548 2709 581 2762 de
598 2725 660 2762 auo·
712 2724 762 2763 vor
788 2708 875 2772 (Marx
889 2726 924 2764 au
941 2710 974 2765 V.
993 2715 1055 2777 411)
1080 2713 1137 2766 und
1157 2713 1227 2767 wird

145 2775 259 2829 toritate
302 2779 414 2830 senatus
450 2776 583 2843 detrabit,
630 2778 661 2830 in
714 2776 784 2831 auch
801 2792 855 2830 von
871 2777 964 2832 Cicero
982 2779 1077 2848 hiufig
1095 2781 1225 2836 erwthnt.

146 2845 276 2898 suasione
322 2844 388 2912 16916
423 2845 555 2898 Santrae
589 2845 661 2912 (164)
714 2875 747 2882 -
777 2844 818 2898 bis
846 2845 885 2899 ist
919 2845 1059 2902 vielleioht
1087 2864 1136 2902 aus
1166 2849 1226 2904 (lam

144 2913 263 2966 summis
281 2915 364 2967 ornat
380 2916 508 2966 senatum
527 2913 660 2968 buddas.
714 2912 813 2966 Schlnfl
849 2928 903 2967 uon
941 2914 1020 2969 nobis
1054 2917 1226 2971 entstanden.

147 2980 266 3034 Deshalb
278 2980 335 3034 11611
348 2981 396 3034 der
406 2979 548 3049 Ankliger
557 2981 661 3040 Brutus
714 2996 831 3034 narrare
858 2981 944 3034 alieni
971 2982 1041 3035 wird
1070 2984 1140 3037 such
1164 3000 1227 3039 vom

147 3051 218 3112 (130)
230 3047 259 3101 in
272 3048 349 3102 einer
359 3048 558 3118 Verbandlung
570 3063 660 3116 gagen
716 3046 912 3102 Schriftsteiler
938 3049 998 3103 dem
1016 3050 1099 3105 Leser
1124 3067 1226 3120 gegan-

144 3116 372 3170 Crassuseinmal
381 3115 661 3184 diewidersprechen·
715 3116 782 3170 iiber
807 3121 914 3185 gesagt.
950 3131 990 3185 ap.
1009 3119 1038 3171 H
1057 3122 1096 3188 10,
1124 3124 1156 3173 3:
1174 3138 1226 3188 quo

146 3185 201 3238 den
219 3184 321 3239 Stellen
348 3183 438 3238 dieser
457 3185 551 3238 Rauen
581 3184 663 3238 nach·
715 3186 746 3238 in
775 3183 829 3238 loeo
848 3185 1001 3240 Clitarchus
1029 3186 1080 3240 tibi
1101 3191 1227 3244 mmaut

146 3252 662 3376 {iiiiiidqrv22023en's-0'1niffeffn‘laem'
714 3253 844 3376 Deam
862 3252 896 3306 ab
914 3253 1074 3316 Aknandro
1100 3273 1156 3310 esse
1182 3275 1226 3313 su·

147 3388 202 3442 wie
228 3335 327 3458 πρόἕε.ἕ
342 3363 398 3443 16'4.
425 3389 499 3469 derv.
526 3405 562 3444 au
578 3363 663 3458 Vargf
711 3339 733 3391 p
751 3392 807 3443 161.
825 3362 860 3443 ne
873 3419 911 3470 Γ·
927 3391 1044 3470 quidem
1059 3395 1114 3446 199.
1134 3424 1169 3434 -
1186 3399 1227 3449 et:

144 3458 215 3512 Aen.
233 3457 248 3510 I
267 3461 328 3510 sta:
349 3457 416 3512 Cato
433 3475 465 3511 an
484 3458 568 3527 legem
582 3459 663 3515 Voco-
715 3473 751 3511 zu
768 3461 897 3512 tib-an
915 3462 1013 3514 rostras
1029 3461 1144 3517 sedeate.
1173 3463 1226 3518 Die

147 3527 234 3594 amm,
254 3525 309 3579 (1.1.
328 3525 358 3580 iu
376 3526 502 3580 suasione
519 3526 590 3596 legis
606 3527 661 3581 Vo-
714 3527 986 3648 Maffirstratspersom
1032 3528 1133 3584 welche
1179 3531 1228 3586 der

145 3593 251 3648 aoniae.
286 3594 320 3647 de
338 3610 375 3648 or.
393 3595 423 3648 Π
441 3599 507 3648 352:
534 3613 597 3650 eura
619 3612 659 3649 ce·
713 3594 755 3647 Vo

147 3665 230 3716 naret
258 3662 414 3717 Simonides
442 3665 518 3730 apud
544 3663 661 3731 Scopam
712 3663 760 3717 sati
779 3663 827 3718 eui
843 3663 896 3718 (len
913 3669 1016 3720 rostris.
1036 3695 1066 3704 -
1082 3666 1226 3722 Saoiliarn

145 3731 337 3798 ¹cecinissetque
359 3731 389 3785 id
410 3749 527 3798 amanen,
549 3733 620 3800 quod
629 3733 661 3786 in
714 3734 771 3785 135.
784 3762 818 3770 -
829 3749 895 3786 narn
913 3733 1005 3804 maoht
1022 3733 1075 3788 mit
1087 3734 1162 3788 einer
1173 3736 1226 3790 den

145 3815 212 3852 eum
238 3799 397 3866 seruasset.
442 3799 474 3854 de
501 3799 544 3855 off.
571 3801 660 3856 128:
713 3799 796 3866 ⁴gilten
822 3801 1029 3870 gawbhnliohen
1057 3803 1150 3857 Kirra
1174 3804 1225 3858 den

143 3867 220 3920 ¹uod
237 3868 312 3934 apud
329 3867 475 3922 Platonem
497 3872 537 3922 est
554 3870 585 3923 in
621 3869 662 3923 bi·
714 3867 871 3937 Ubergang‚
897 3869 989 3924 indam
1010 3869 1054 3924 ain
1072 3871 1237 3924 Zurisohen-¹

146 3884 273 4002 iescam
290 3936 403 3990 dietum.
440 3936 475 3990 ad
493 3938 551 3991 Att.
571 3885 661 4003 11111,
715 3936 840 4004 gadanke
879 3939 1055 4006 ausgelassen
1089 3937 1134 3992 ist.
1181 3935 1225 3992 ‘In

201 4028 289 4072 Brutus.
316 4027 335 4070 b.
349 4029 410 4072 And.
742 4053 746 4062 .
1057 4023 1071 4072 8

799 3596 1004 3675 versemmlung
1055 3598 1224 3668 presidiante,
