2848 4576
511 277 666 338 esurus.
702 279 844 347 §re-re.
1178 278 1219 337 61

143 456 232 530 dedit,
254 471 341 530 quem
356 455 392 529 ei,
407 454 459 530 qui
472 455 581 513 multas
597 453 758 514 docuerant
771 460 841 513 ante
854 456 907 514 hos
922 456 1064 530 eonsules,
1083 460 1115 514 et
1127 455 1219 515 Plau·
1235 485 1271 540 19
1305 493 1308 500 -

62 601 69 607 ,
142 547 192 601 tus
207 546 238 600 et
257 540 397 600 Naevius.
419 540 492 598 haee
506 541 532 598 si
545 541 642 598 minus
654 544 726 615 apte
739 539 877 600 videntur
887 541 957 599 huie
967 541 1102 616 sermoni,
1116 540 1219 618 Brute,
1240 567 1270 617 ‘14

142 626 240 684 Attiea
262 626 391 700 assigna,
413 625 465 699 qui
486 641 531 683 me
552 624 747 684 inflammavit
768 626 866 684 studia
887 627 1050 685 illustrium
1071 624 1219 685 hominum

143 715 252 770 aetates
275 716 306 770 et
319 716 454 786 tempora
467 710 671 787 persequendi.
693 711 758 783 ngo
773 727 853 787 vera,
875 711 974 786 inquit
987 711 1109 786 Brutus,
1124 717 1155 770 et
1170 712 1219 770 de·

141 797 298 855 lentarista
319 797 404 871 quasi
424 795 576 854 notatione
597 801 761 871 temporum
784 801 814 854 et
835 797 872 854 ad
893 797 925 855 id
946 797 1023 871 quod
1051 797 1218 872 instituisti,

142 887 292 941 oratorum
308 897 419 954 genera
440 881 622 954 distinguere
643 881 800 956 aetatibus,
829 882 917 940 istam
942 882 1130 954 'diligentiam
1156 898 1219 941 esse

142 967 387 1026 seaommodntnm
407 972 489 1040 puta.
510 966 611 1041 Reate,
639 966 767 1041 inquam,
796 966 900 1042 Brute,
928 967 1087 1040 intellegis.
1131 972 1220 1042 etque
1241 977 1270 1025 75

142 1053 256 1111 utinam
278 1056 431 1110 exstarent
451 1051 505 1109 illa
527 1051 664 1126 earmina,
687 1067 762 1126 qnae
784 1052 884 1110 multis
906 1052 1030 1111 saeculis
1045 1057 1115 1110 ante
1136 1069 1218 1112 suam

143 1142 271 1196 aetutem
286 1138 318 1194 in
332 1135 428 1210 epulis
443 1152 506 1195 esse
518 1137 697 1195 cantitetea
719 1137 845 1210 singulis
860 1137 993 1197 convivis
1014 1137 1050 1195 de
1072 1138 1219 1196 clarorum

143 1223 276 1282 virorum
296 1222 433 1281 leudibus
455 1222 487 1279 in
510 1221 682 1295 Originibus
712 1223 856 1297 seriptum
884 1223 1006 1298 reliquit
1034 1220 1118 1282 Cato!
1152 1240 1220 1281 uam

143 1307 232 1382 illius,
269 1324 354 1382 quem
376 1307 407 1364 iu
429 1307 548 1366 vatibus
578 1313 609 1365 et
641 1306 752 1366 Faunis
784 1307 960 1366 adnumerat
991 1307 1114 1382 Ennius,
1157 1309 1218 1366 bel·

142 1393 204 1450 lum
218 1393 363 1451 Panicum
378 1393 464 1467 quasi
479 1391 612 1466 Myronis
628 1409 700 1468 opus
715 1393 846 1452 delectat.
880 1394 920 1451 sit
938 1393 1053 1451 Ennius
1079 1409 1156 1468 sane,
1185 1399 1221 1452 ut
1240 1401 1270 1450 '16

143 1483 189 1541 est
203 1483 289 1554 uerte,
303 1478 476 1553 persentiam
499 1478 591 1552 quisi
610 1477 703 1550 illum,
725 1483 761 1536 ut
782 1479 910 1554 simulat,
932 1483 1139 1553 contemneret,
1161 1495 1219 1538 neu

141 1563 238 1621 emnia
251 1564 331 1622 bella
344 1578 524 1638 persequens
537 1563 665 1638 primum
678 1563 755 1622 illud
772 1562 918 1622 Punicum
940 1579 1125 1622 eesrrumum
1158 1564 1219 1622 bel-

141 1648 203 1707 lum
224 1649 404 1724 reliquisset.
427 1648 477 1706 sed
498 1648 563 1722 ipse
578 1648 655 1724 dieit,
679 1664 732 1706 eur
747 1649 777 1705 id
791 1649 895 1708 faeiat:
912 1640 1091 1724 ‘scripsere'‚
1113 1649 1218 1724 inquit,

140 1845 264 1898 rniedene
293 1844 402 1898 Clausel
434 1845 563 1892 iou-‘-
597 1849 655 1900 ent·
709 1862 789 1899 orum
806 1845 902 1900 laudm
914 1849 997 1967 uffae
1005 1846 1136 1925 uirtutes..
1151 1847 1220 1900 Ver·

141 1980 181 2034 rit
193 1995 305 2060 messan.
318 1981 445 2034 -dede't
458 1981 567 2060 Terent.
585 1981 655 2034 Eun.
708 1997 771 2035 essa
799 1987 886 2061 vacet:
922 1955 965 2035 e'n'
978 1913 1221 2063 {gemalem

141 2049 208 2117 prol.
228 2051 255 2102 9:
277 2049 350 2101 edem
367 2047 519 2102 Menandre
535 2047 657 2101 Phasma
707 2050 823 2103 madente
855 2052 889 2103 ut
921 2053 1067 2104 cantarent
1094 2066 1220 2104 earmma

143 2133 218 2170 nune
234 2132 324 2196 nuper
340 2116 423 2172 dedit.
465 2184 470 2195 Ι
707 2118 830 2197 antiqua,
853 2118 885 2171 e'n
906 2117 1003 2185 queem
1026 2117 1119 2196 medes
1140 2122 1221 2172 mant

141 2188 222 2307 edit
236 2183 657 2322 tutitdrgttssrndte:
707 2187 1220 2376 tenemut'iffettttt

142 1905 238 1974 statu·
255 1912 395 1966 vielleieht
412 1913 515 1967 konnte
527 1911 580 1966 Oia.
599 1912 656 1966 fae·
708 1929 738 1967 ro
757 1913 790 1968 de
807 1913 867 1968 vite
884 1914 914 1967 P.

141 2320 285 2389 heudluug
314 2321 389 2375 einer
418 2320 657 2389 anonologisehen
708 2323 825 2376 tadr'ee'ne.
855 2352 890 2360 —
918 2338 997 2376 eaeeu
1063 2323 1220 2376 Mensehen·

142 2389 354 2473 Sehwierigkeit
370 2389 409 2470 ist
419 2390 489 2445 noeh
500 2389 581 2442 keine
590 2390 657 2444 voli·
707 2391 789 2459 altem
799 2384 1218 2470 dieBedeutuug‘Juhrhundert'

143 2458 657 2607 Ztffldgidi'ta‘i'tss'tddtiai}
707 2459 839 2607 intinniit
862 2459 1220 2606 diddissrditihud?

145 2598 287 2649 eratermn
303 2611 404 2674 qenera
422 2596 592 2663 deetenauere
609 2610 656 2664 ge·
707 2625 741 2634 -
758 2595 843 2650 alteus.
878 2595 926 2649 On.
949 2595 1070 2650 Neevrns
1094 2597 1173 2650 hatte
1190 2613 1220 2649 nn

144 2679 230 2716 naner
246 2663 400 2726 besnmmt3
418 2663 475 2732 ng
493 2679 519 2730 p.
532 2662 610 2717 Oeen.
623 2667 655 2717 50
708 2663 811 2718 seinem
833 2663 960 2732 episehen
984 2663 1101 2719 Gedieht
1124 2664 1219 2718 besan·

145 2731 217 2784 illud
234 2748 295 2786 aero
312 2731 391 2786 nullo
403 2733 482 2786 medo
488 2734 588 2799 patent,
601 2732 656 2785 dei·
708 2732 769 2787 ders
780 2733 839 2786 ‘den
857 2737 948 2786 ersten
965 2733 1116 2800 punisehen
1132 2732 1220 2802 Krieg

144 2802 219 2853 aetus
241 2815 299 2856 esee
320 2801 471 2867 qumquam.
497 2799 530 2853 de
552 2799 594 2854 off.
613 2800 657 2854 111
707 2801 877 2854 susidhrlieh
902 2800 1056 2854 behsndelt
1099 2801 1137 2855 Es
1155 2817 1221 2867 uer

147 2870 196 2920 100
213 2870 294 2934 atque
311 2867 487 2933 illudetiam,
505 2868 656 2936 reddirap-
706 2867 746 2922 im
780 2869 939 2923 nationalen
975 2868 1123 2937 Ver-amar,
1159 2868 1220 2922 dem

145 2935 214 2989 muas
236 2936 346 3004 neaaed
367 2951 422 2989 esse
444 2935 514 2989 utile
536 2935 569 2988 de
587 2937 658 2990 ar.I
708 2937 905 3005 saturnisahen,
985 2937 1118 2990 ehrieben.
1164 2936 1220 2990 En·

144 3005 178 3057 28
202 3005 273 3070 quod
294 3003 342 3058 e'lle
365 3003 522 3058 duriseum'e
540 3004 657 3071 pedibus
708 3005 778 3074 nius,
802 3005 849 3058 der
872 3005 937 3058 dure
973 3003 1130 3058 Einiiihrun
1173 3003 1220 3058 des

142 3071 216 3141 feeit,
234 3075 268 3127 ut
283 3088 312 3126 ee
323 3072 445 3126 abnuet.
473 3072 565 3126 Pleut.
578 3071 655 3141 Oept.
707 3073 886 3126 Hexameters
912 3071 957 3126 die
990 3071 1097 3140 epnehe
1148 3072 1220 3126 oesie
1328 3079 1331 3086 ’

143 3143 193 3193 29Ί
219 3157 255 3194 ne
280 3141 310 3194 e'd
335 3140 456 3208 quedem,
485 3140 657 3194 involuerum
708 3145 765 3195 erst
781 3140 935 3210 begrdndet
951 3140 1219 3210 anhebenglsubte,

144 3209 252 3276 induere,
279 3208 374 3264 naluit.
418 3207 454 3263 Se
482 3207 521 3261 im
547 3207 657 3263 Grande
707 3210 804 3263 sraeh
837 3223 891 3262 von
926 3207 1028 3262 seinem
1056 3207 1221 3278 Verg'enger

144 3276 215 3331 euch
240 3293 276 3331 au
305 3277 429 3331 erkldren
457 3275 525 3330 caeo
551 3293 574 3330 r.
591 3293 612 3330 r.
630 3294 656 3345 p.
725 3277 819 3332 eshelb
841 3276 1039 3332 vertehtliaher
1064 3278 1104 3331 als
1127 3277 1220 3332 Cicero

144 3347 187 3409 78,
213 3350 228 3399 3
255 3346 285 3399 e'd
311 3362 393 3399 mane
418 3345 528 3399 diuum
554 3345 656 3400 sumito
707 3345 754 3399 fiir
777 3345 880 3415 riehtig
905 3345 972 3399 hele.
996 3375 1030 3384 -
1046 3347 1219 3401 adnumerat.

144 3417 262 3482 matema.
281 3429 316 3468 an
334 3416 375 3467 82.
399 3417 455 3467 135.
476 3415 531 3467 138.
707 3414 764 3482 ng
782 3417 841 3469 207.
867 3430 893 3481 p.
911 3414 990 3468 Rosa.
1017 3414 1077 3468 Am.
1099 3416 1145 3468 89:
1172 3431 1220 3484 eae

177 3486 218 3536 ta.
236 3481 289 3536 Mit
317 3485 398 3549 atque
426 3481 508 3536 kehrt
537 3481 592 3537 Oia.
621 3498 656 3536 au
707 3483 827 3551 forsitan
856 3485 973 3550 prepter
1010 3482 1220 3538 multitudinem

144 3549 206 3603 dem
233 3549 462 3618 ursprdngh'ehen
495 3548 656 3605 Gedunken·
702 3553 889 3618 uenenorum
906 3551 937 3605 e‘n
948 3567 1030 3620 areae
1046 3552 1220 3606 adnmuerer.

165 3633 237 3687 enge
248 3619 359 3673 aurdek.
374 3647 406 3658 -
424 3620 557 3672 earmina.
575 3619 655 3673 Tusa.
707 3617 785 3675 ovid
812 3619 883 3674 tdst
910 3618 936 3673 V
962 3623 979 3672 4
1016 3623 1063 3674 20:
1088 3620 1166 3674 euius
1192 3636 1221 3673 ee

143 3633 185 3741 {V
214 3691 243 3740 3:
272 3688 461 3756 arameemuue
495 3690 590 3742 auetar
624 3689 656 3741 e'n
706 3703 810 3756 quaque
834 3689 866 3742 e'n
884 3661 1015 3756 anapia
1037 3689 1221 3742 adnumerare

144 3754 305 3824 Oriae'ndrue
338 3756 413 3810 diuet
448 3754 515 3810 Oeta
553 3771 656 3810 merem
706 3755 780 3811 sobet.
806 3757 863 3811 her.
891 3759 931 3825 16,
958 3760 1021 3810 33οι
1047 3759 1163 3824 quartus
1188 3756 1219 3809 e'n

142 3839 162 3876 a
253 3825 371 3878 materen
404 3823 477 3878 hune
510 3823 656 3891 epularem
707 3824 839 3896 eaemple'e
866 3824 1067 3879 adnmnerabar
1099 3840 1155 3893 eae.
1185 3852 1220 3863 -
1281 3877 1284 3883 .

177 3891 236 3959 iere,
254 3893 423 3960 atdee'neepe
437 3892 657 3960 auiaaeudarent
706 3891 835 3963 Myrem's
852 3897 894 3946 70.
1176 3957 1182 3969 ι

143 3964 272 4016 renuent
287 3962 325 4016 ad
342 3961 439 4015 tudima
454 3959 592 4015 elarerum
602 3962 656 4016 eir·
743 3965 784 4015 76.
801 3961 962 4028 rennuunt.
1010 3964 1067 4014 165.
1111 3959 1219 4014 Eumne
