2848 4576
11 2187 21 2212 '
98 2186 192 2239 Cicero
214 2185 290 2239 zieht
312 2205 444 2231 -υ--ν-
469 2204 486 2240 a

479 276 630 332 BRUTUS.
666 279 681 344 ἐ
701 281 809 330 12-14.
1136 279 1175 336 25

102 456 152 510 aut
174 453 253 527 quod
274 452 372 526 aliqua
399 469 435 511 ex
463 457 545 528 parte
566 451 769 512 sollieitudines
797 452 943 512 adlevaret
968 471 1056 513 meas.
1099 455 1175 514 Tmn
1199 464 1226 513 13

101 536 224 595 Brutus:
247 537 327 596 volui
340 536 370 595 id
386 537 501 612 quidem
517 537 633 598 effieere
649 542 733 614 eerte,
748 543 777 596 et
792 537 873 614 eapio
889 556 1027 614 magnum
1042 539 1177 609 fruatum,

101 623 126 680 ei
141 621 257 697 quidem
273 623 351 697 quod
365 624 444 681 volui
461 627 543 682 tanta
557 623 586 681 in
601 641 633 682 re
647 627 817 682 eonseautus
831 641 911 701 sum3
932 624 983 683 sed
997 624 1069 683 seire
1084 625 1177 702 oupio,

101 723 176 782 quae
199 712 228 766 te
248 707 335 766 Attioi
356 707 467 766 litterae
489 708 699 767 deleetaverint.
738 709 815 767 Istae
836 726 914 785 vero,
936 709 1064 785 inquam,
1080 711 1176 786 Brute,

100 809 159 850 non
180 793 266 852 modo
283 793 499 852 delectationem
522 793 599 869 mihi,
621 793 782 869 sedetiam,
805 798 837 853 ut
852 812 945 870 spero,
960 795 1081 854 salutem
1104 801 1176 854 attu-

100 877 204 936 lerunt.
242 877 392 938 Salutem?
429 878 522 954 inquit
543 879 604 956 ille3
628 879 774 954 quodnam
790 879 906 938 tandem
923 898 1015 956 genus
1029 881 1103 940 istae
1117 885 1173 940 tam

100 963 279 1038 praeclarum
302 963 462 1022 litterarum
484 963 564 1022 fuit?
606 964 653 1022 An
675 964 746 1022 mihi
767 964 870 1041 potuit,
892 965 1019 1042 inquam,
1042 983 1104 1025 esse
1126 974 1176 1025 aut

100 1048 209 1123 gratior
230 1048 289 1107 ulla
310 1048 444 1108 salutatio
466 1054 518 1108 aut
539 1049 577 1107 ad
598 1048 653 1109 hoe
667 1056 783 1125 tempus
802 1050 897 1125 aptior
912 1068 999 1124 quam
1014 1050 1088 1110 illius
1104 1052 1176 1126 libri,

100 1150 156 1208 quo
170 1150 215 1192 me
226 1133 272 1193 hio
283 1131 391 1192 aliatus
402 1134 484 1210 quasi
496 1134 636 1194 iacentem
646 1130 805 1194 excitavit?
831 1136 907 1194 Tum
919 1137 983 1194 ille:
993 1154 1098 1212 nempe
1109 1155 1175 1196 eam
1198 1147 1227 1195 14

100 1217 177 1294 dieis,
199 1219 300 1294 inquit,
323 1237 380 1294 quo
393 1219 457 1278 ‘iste
479 1237 594 1279 omnem
616 1239 710 1279 rerum
733 1221 901 1280 memoriam
924 1221 1049 1280 breviter
1078 1227 1115 1299 et,
1144 1229 1176 1280 ut

98 1302 168 1361 mihi
196 1303 311 1379 quidem
340 1305 436 1363 visum
467 1309 518 1380 est,
546 1305 751 1382 perdiligenter
778 1306 946 1382 complexus
975 1306 1040 1366 est?
1083 1307 1174 1366 Istum

98 1389 202 1466 ipsum,
217 1391 344 1466 inquam,
359 1390 458 1467 Brute,
473 1390 538 1450 dieo
554 1391 658 1450 librum
673 1390 746 1449 mihi
768 1391 854 1450 saluti
876 1389 973 1451 fuisse.
1011 1391 1087 1450 Tum
1103 1392 1174 1451 Atti·
1192 1401 1210 1453 4

99 1574 249 1639 temporum
266 1575 325 1626 tum
341 1572 415 1626 uarii
426 1573 515 1627 uestri
533 1589 612 1627 casam
662 1572 735 1626 euim
754 1573 797 1626 lea
814 1589 898 1641 aeque
909 1591 968 1642 paor
980 1591 1064 1642 aeque
1077 1574 1176 1628 beilum

97 1639 263 1706 fefellerunt,
281 1641 314 1695 de
332 1657 370 1695 or.
388 1641 403 1694 Ι
420 1645 444 1694 2.
456 1672 490 1680 -
503 1641 610 1710 aliqua:
661 1658 746 1709 aeque
763 1657 806 1695 reo
822 1641 940 1696 illustria
956 1646 997 1696 eet
1011 1643 1108 1712 populi
1119 1643 1176 1698 Ro-

98 1713 130 1761 35
144 1725 169 1778 g.
183 1710 214 1762 E.
234 1711 328 1763 stehen
346 1709 453 1777 aliquid
470 1712 526 1763 und
539 1709 611 1778 quie·
662 1710 747 1778 maai,
766 1726 836 1788 quae
853 1727 910 1764 aaa
931 1711 962 1764 ia
988 1727 1016 1766 eo
1039 1727 1088 1765 suo
1112 1715 1176 1765 tem-

98 1793 181 1844 quam
198 1779 324 1846 parallel;
342 1779 548 1833 eisteresWort
562 1774 610 1832 ‘ir-
660 1794 726 1847 pore
749 1781 788 1831 att
807 1781 920 1848 uotata;
944 1783 977 1844 et,
1002 1780 1073 1846 quod
1100 1780 1184 1847 dissi--

97 1846 170 1913 gend
176 1846 220 1898 ein
226 1843 368 1899 einzelnes'
380 1847 430 1900 hat
436 1862 498 1898 zum
504 1848 611 1916 Gegen·
662 1845 795 1899 eiilimam
804 1847 871 1966 ζωὴ,
882 1847 921 1900 aie
932 1847 1110 1915 familiarum
1122 1848 1176 1902 ori-

97 1907 433 1981 satz‘lreines';letzteres,
453 1916 522 1968 auch
533 1916 611 1969 nieht
660 1914 752 1983 pinam
769 1930 803 1966 su
822 1915 915 1981 terruit,
938 1919 972 1968 at
988 1933 1023 1969 erc
1046 1933 1074 1969 eo
1092 1916 1176 1971 claro·

97 1982 146 2034 das
159 1979 317 2049 geringste',
328 1982 453 2050 dagegen
460 1976 517 2036 ‘ein
529 1984 611 2036 wieh·
661 1999 725 2035 rum
736 1981 859 2036 virorum
869 1982 1033 2052 propapiaes
1040 1985 1177 2052 pessimae

96 2047 218 2103 tieres'.
243 2054 393 2102 atnam.
423 2065 498 2104 meas
514 2053 553 2105 ist
565 2052 613 2104 der
663 2065 824 2120 eopmoaeere.
867 2051 922 2104 Cio.
946 2055 1013 2105 orat.
1039 2056 1099 2105 120:
1119 2069 1176 2122 eop-

136 2118 320 2185 auselwegen
333 2133 381 2170 ans
395 2117 472 2170 Ende
485 2120 611 2240 fiestellm
662 2122 757 2172 moreat
790 2119 873 2196 etiam
913 2137 1005 2197 rerum
1023 2123 1176 2198 ‘pertarum

507 2204 540 2241 en
565 2204 611 2241 an·
664 2190 690 2240 et
700 2202 848 2240 memoriae
859 2189 956 2241 veterio
968 2187 1099 2252 mdiaem,
1117 2205 1176 2242 ma·

98 2255 180 2308 deren
199 2254 343 2308 Sohldssen
362 2270 417 2307 vor.
662 2254 736 2308 aime
753 2255 971 2310 seilicetaoatrae
985 2255 1111 2322 civitatis,
1129 2257 1176 2310 aed

135 2326 175 2375 13.
194 2321 301 2390 quidem
319 2364 325 2376 .
340 2365 345 2376 .
363 2325 432 2376 certe
458 2323 520 2377 sind
546 2323 609 2377 mit·
663 2323 746 2377 etiam
757 2323 967 2445 imperiosorum
977 2325 1178 2395 popularumet

97 2391 229 2445 einander
250 2407 285 2444 za
308 2391 456 2446 verbinden
489 2392 542 2445 wie
561 2393 610 2460 oft,
662 2409 756 2462 repam
773 2391 932 2447 ilustrium,
961 2410 1039 2462 quem
1058 2393 1177 2448 laborem

97 2476 123 2512 n.
143 2459 263 2527 gehdren
287 2459 364 2513 nieht
382 2476 416 2512 zu
434 2435 472 2528 iai,
496 2461 611 2514 sondern
662 2460 742 2514 uobis
758 2460 844 2514 Attici
865 2462 953 2515 uestri
976 2461 1075 2516 levavit
1092 2462 1176 2528 labor,

98 2544 132 2580 zu
150 2527 225 2580 volui
248 2526 380 2595 (efficere).
412 2533 460 2582 143
482 2529 564 2582 Aead.
584 2528 612 2582 Π
663 2528 711 2650 gui
731 2529 847 2583 seruatis
872 2530 1026 2598 aetatisque
1050 2530 1176 2599 tempori·

98 2600 139 2648 22.
170 2625 204 2634 —
232 2599 318 2663 tauta,
345 2597 409 2650 weil
435 2613 464 2650 es
487 2597 544 2651 sich
566 2598 612 2650 fiir
679 2613 721 2659 us,
750 2597 821 2650 aiiii
843 2615 904 2652 eum
930 2599 1037 2653 illustre
1056 2602 1176 2668 praeter-

98 2664 191 2717 Cieero
210 2679 256 2718 um
275 2665 336 2718 eine
348 2665 532 2734 Lebensfrage
544 2667 611 2719 han·
662 2666 788 2734 manaa,
801 2683 937 2721 aureorum
946 2667 1177 2737 septiapeatorum

98 2733 178 2785 delte.
208 2762 243 2770 -
272 2732 343 2786 libri.
388 2734 498 2787 Atticus
525 2735 610 2802 hatte,
662 2735 822 2788 memoriam
847 2752 903 2790 aaa
936 2737 1005 2790 libro
1031 2735 1176 2805 eollipavit.

98 2801 182 2854 durelr
200 2801 307 2854 Oioeros
326 2801 429 2855 Schrift
447 2803 480 2855 de
498 2818 527 2855 re
544 2802 614 2868 pub·
663 2803 756 2856 Cicero
779 2803 878 2858 nimmt
900 2805 1060 2858 wiederholt
1077 2805 1175 2857 darauf

96 2869 152 2921 lieu
169 2871 313 2923 veranlaflt
331 2873 391 2936 (191,
410 2871 478 2923 kurz
491 2886 540 2924 vor
551 2871 612 2924 den1
662 2871 820 2939 Riieksioht,
849 2877 889 2926 42.
917 2877 959 2926 44.
987 2877 1029 2926 22.
1057 2876 1089 2925 ῖ4
1118 2873 1175 2940 vgl.

97 2937 201 2990 Brutus
219 2938 311 2991 seinen
335 2938 404 2990 liber
426 2939 534 2991 annalis
551 2954 611 2992 ver·
662 2939 734 2992 Einl.
763 2940 787 2993 S.
812 2944 836 2992 2.
866 2971 901 2978 -
928 2941 1005 3008 istuc,
1032 2941 1062 2992 in
1089 2940 1176 2992 dieser

97 3006 167 3072 fano,
186 3005 215 3058 in
239 3006 369 3059 welchem
387 3021 440 3058 von
460 3007 612 3074 Erbauung
662 3008 764 3061 Schrift
786 3007 930 3062 besonders
953 3008 1054 3076 hiufig,
1078 3009 1176 3086 gehdrt

98 3074 147 3126 der
159 3073 239 3127 Stadt
255 3074 298 3128 bis
316 3089 378 3127 anm
395 3074 422 3128 J.
435 3078 484 3127 700
503 3075 548 3127 die
560 3074 611 3128 Ge·
662 3091 724 3129 anm
735 3075 942 3146 (impransum,
952 3075 1176 3131 undbezerehnet

97 3141 219 3195 sehiohte
245 3142 328 3195 Roms
355 3143 423 3195 kara
450 3143 612 3211 dargestellt
662 3144 806 3197 besonders
824 3149 918 3213 etwas,
937 3146 986 3198 das
1004 3145 1051 3198 der
1068 3145 1175 3198 Andere

97 3226 168 3277 war;
183 3210 414 3277 synchronistiseh
427 3211 554 3264 soheinen
567 3210 610 3263 die
663 3213 786 3265 erwdhnt
810 3213 871 3276 hat;
895 3215 951 3282 vgl.
982 3216 1040 3266 328.
1067 3229 1102 3266 zu
1125 3215 1175 3266 280

98 3279 276 3346 wiehtigsten
302 3278 462 3346 Ereignisse
487 3279 531 3333 bei
559 3279 610 3332 den
662 3280 718 3333 und
740 3281 815 3334 Baeh
840 3281 870 3334 in
898 3283 1017 3336 Studem.
1045 3281 1120 3335 stud.
1147 3280 1176 3334 Il

98 3346 288 3400 Niehtrdmern
312 3347 425 3401 bertihrt
449 3348 557 3401 worden
575 3363 610 3400 zu
663 3352 720 3401 214.
739 3377 773 3386 -
791 3349 931 3404 salutatio.
969 3349 1080 3404 Atticus
1097 3350 1175 3404 hatte

97 3414 164 3468 sein.
202 3415 611 3482 SeinHauptangenmerkwar
662 3417 719 3470 also
738 3417 812 3470 seine
825 3417 927 3472 Schrift
945 3419 1004 3472 dem
1018 3418 1110 3472 Cicero
1129 3434 1175 3486 ge-

97 3483 142 3536 die
154 3483 343 3552 Feststellung
361 3483 408 3536 der
423 3484 610 3552 Ohronologie,
662 3485 782 3538 widmet.
826 3486 923 3541 Dieser
948 3487 1101 3542 ilbertreibt
1131 3487 1176 3540 die

96 3551 154 3604 und
171 3551 261 3604 hierin
279 3552 379 3605 bewies
393 3566 422 3603 er
434 3553 518 3620 grosse
531 3553 610 3621 Sorg-
662 3553 803 3622 Wirlmpg
833 3555 922 3609 dieser
950 3555 1176 3610 Freundliohlreit

92 3619 150 3672 -falt
162 3620 219 3672 und
231 3619 424 3688 Genauigkeit.
454 3621 531 3688 Corn.
544 3621 611 3688 Nep.
664 3622 711 3674 aul
734 3621 790 3689 ihn,
814 3638 861 3676 um
879 3624 972 3677 seinen
995 3625 1077 3678 Dank
1094 3624 1176 3677 abau-

95 3687 182 3741 Attia.
207 3691 250 3742 18:
274 3703 398 3741 summas
420 3688 478 3755 fuit
494 3688 612 3756 antiqui-
663 3693 775 3744 statten.

97 3756 165 3808 tatia
192 3759 306 3822 amator,
339 3773 422 3824 auam
451 3757 518 3811 adeo
549 3757 611 3810 diii·
699 3761 738 3810 14.
756 3774 851 3826 nempe
876 3753 956 3811 ‘doeh
994 3753 1088 3828 wohl‘,
1124 3759 1175 3813 mit

94 3827 190 3893 peater
212 3823 309 3878 habuit
329 3824 472 3893 caputium,
495 3828 528 3879 at
551 3842 612 3879 eam
662 3825 823 3894 Beziehnng
846 3827 893 3880 ani
911 3827 955 3881 die
978 3828 1038 3881 dem
1057 3828 1174 3882 anderen

97 3895 184 3944 totam
202 3892 233 3944 iu
250 3909 279 3947 eo
296 3892 432 3946 volumine
449 3893 612 3960 reposuerit,
662 3893 800 3948 bekannte
822 3894 1055 3964 Voraussetzung.
1079 3900 1119 3950 21.
1142 3926 1175 3933 -

96 3960 342 4028 quomapistratus
358 3960 503 4016 ordinavit.
533 3962 611 4016 mulla
661 3961 712 4015 iate
738 3962 791 4016 wie
818 3979 890 4031 ganz
912 3964 1083 4032 gewdhnlieh
1106 3964 1175 4017 ohne
