2846 4574
508 287 662 346 citurus
697 293 713 356 ξ
732 293 789 346 tat.
809 293 867 346 158.
1170 293 1230 350 111

154 467 237 526 55155
260 471 291 526 et
311 467 393 525 illius
416 467 536 525 oonsilio
558 473 590 524 et
611 471 665 524 tua
686 482 758 525 voce
780 467 922 543 populum
943 467 1107 530 Romanum
1129 485 1230 527 carere

153 559 216 610 tam
230 552 295 626 cliu3
318 551 396 628 quod
413 568 478 610 cum
491 569 546 628 per
560 569 592 610 se
607 551 763 610 dolendum
778 557 830 628 est,
847 558 910 611 tum
931 553 1023 611 multo
1046 553 1142 627 magis
1163 571 1229 612 con-

153 637 305 713 sideranti,
329 637 367 696 55
390 653 462 712 quos
483 638 616 696 isteron
630 637 780 695 translate
794 638 862 714 sint,
879 638 931 697 sed
952 639 1049 697 nescio
1072 650 1128 712 quo
1142 645 1229 715 pacto

153 723 335 782 devenerint.
366 722 424 780 Hic
439 723 568 782 Atticus:
592 722 732 797 dixeram,
747 723 854 798 inquit,
869 739 888 781 a
901 723 1054 800 principio,
1070 724 1106 782 55
1120 741 1153 782 55
1174 741 1228 799 pu-

151 808 232 867 blica
245 813 280 866 ut
295 808 463 867 sileremus:
485 808 587 880 itaque
601 808 753 866 iaciamus.
786 825 853 866 nam
876 809 901 866 si
923 809 1079 867 istomodo
1095 810 1229 868 volumus

152 894 287 969 singulas
300 909 349 952 res
365 891 540 968 desiderare,
554 908 612 950 non
630 893 881 969 modoquerendi,
896 894 947 953 sed
969 911 1007 952 ne
1021 893 1142 968 lugendi
1163 897 1227 974 qui·

151 979 217 1038 (lem
238 979 326 1037 finem
341 978 529 1054 reperiemus.
558 977 724 1052 Pergamus
746 994 826 1054 ergo,
848 979 977 1055 inquam,
1000 979 1037 1038 55
1059 980 1175 1054 relique
1197 987 1228 1038 et

149 1063 322 1123 institutum
337 1064 470 1122 ordinem
484 1079 704 1140 persequamur.

183 1155 185 1160 ’
236 1149 366 1208 Paratus
381 1149 477 1222 igitur
492 1149 631 1208 veniebat
647 1147 779 1223 Crassus,
802 1148 1024 1224 expectabatur,
1040 1150 1226 1224 auctoratum

145 1234 328 1312 aprincipio
349 1235 460 1309 statim,
483 1234 560 1309 quod
582 1239 649 1292 eret
664 1234 742 1307 apud
764 1250 829 1292 eum
845 1251 961 1310 semper
975 1240 1153 1312 accuratum,
1177 1253 1225 1294 ex·

149 1320 331 1394 spectatione
347 1319 454 1392 dignus
475 1319 643 1379 videbatur.
673 1335 731 1377 non
751 1319 846 1377 multa
860 1319 984 1378 iactatio
1006 1323 1145 1398 corporis,
1167 1338 1226 1380 non

147 1406 303 1464 inclinatio
319 1405 408 1480 vocis,
431 1405 516 1464 nulla
529 1404 731 1482 inambulatio,
755 1421 814 1464 non
836 1407 941 1464 crebra
955 1406 1105 1481 supplosio
1127 1407 1225 1483 pedis:

1244 943 1282 1000 55

1237 1025 1281 1076 158

148 1587 216 1640 euch
238 1585 385 1654 ε55555555,
409 1600 473 1639 eure
489 1583 661 1652 Leistungen
714 1587 801 1651 itin:
820 1585 1017 1656 dissimilitudo
1037 1586 1162 1708 intellegi
1172 1603 1224 1654 po-

146 1655 204 1708 nnd
230 1669 294 1708 euer
319 1653 439 1709 Einlluss.
461 1682 496 1690 -
515 1653 660 1716 transslata,
713 1656 766 1708 test
790 1657 818 1707 et
843 1669 877 1706 ea·
895 1657 985 1708 anctus
1011 1655 1066 1708 neci
1085 1671 1128 1708 nae
1147 1656 1225 1708 iocri·

147 1723 196 1778 aui
208 1721 356 1792 geregelte‚
370 1719 660 1791 gesetzmdiigeWei·
709 1723 775 1788 tate,
796 1725 822 1776 et
838 1739 873 1775 55
890 1739 919 1776 eo
936 1724 1014 1802 qnod,
1033 1723 1130 1793 555555
1147 1725 1225 1778 cesti·

147 1806 183 1846 se.
201 1821 236 1830 -
253 1791 387 1844 dicerem.
408 1793 448 1842 11.
465 1818 500 1826 —
517 1805 547 1842 re
556 1805 589 1856 p.
607 1787 660 1842 Po·
711 1790 766 1858 piis
778 1791 907 1858 primurn
932 1792 1032 1857 crutiti,
1059 1792 1091 1845 in
1111 1792 1150 1846 eis
1166 1792 1225 1861 fere

145 1859 218 1914 litilr.
238 1887 271 1898 —
297 1875 354 1912 non
371 1858 451 1911 rnodo
486 1886 522 1894 —
543 1857 659 1924 reperie-
711 1857 782 1912 soka
820 1875 961 1926 perorare.
1013 1859 1071 1912 Das
1109 1859 1224 1916 letztere

146 1944 215 1982 mus.
252 1927 287 1980 55
315 1927 374 1982 Aac.
403 1925 445 1980 IV
471 1929 495 1992 2,
515 1929 542 1979 1:
568 1926 607 1978 ud
629 1925 660 1978 id
711 1925 811 1980 druckt
836 1926 906 1980 noch
932 1941 1054 1995 5555555
1079 1943 1137 1996 aas,
1165 1944 1225 1982 was

145 2013 203 2051 non
220 1993 500 2064 modoneplepentiae
511 2009 586 2046 eneae
611 1993 659 2046 sed
711 1993 804 2048 Cicero
838 1993 899 2048 hier
933 1995 1013 2048 nulla
1041 1996 1223 2051 inambuletio

143 2081 180 2118 ne
207 2063 378 2131 occupationi
405 2061 514 2130 quietern
543 2035 656 2115 truiuas.
709 2065 802 2117 neunt.
843 2065 934 2116 motus
959 2062 1030 2116 wind
1054 2062 1115 2118 hier
1139 2063 1226 2118 nither

144 2133 171 2186 X
189 2135 213 2196 8,
232 2135 261 2184 2:
288 2146 406 2200 repnnrn
432 2145 488 2182 non
506 2129 657 2184 55555155-
710 2130 796 2187 durch
811 2131 923 2185 tutatio
946 2131 1068 2198 corporis
1085 2131 1142 2184 unci
1158 2147 1223 2199 sup·

143 2216 227 2254 mano
244 2199 351 2253 donnini
366 2199 414 2252 sed
431 2215 465 2251 nc
482 2198 583 2252 Persae
636 2199 658 2251 i·
704 2199 796 2266 plocio
808 2199 890 2266 pean
907 2201 976 2264 (141.
994 2201 1055 2264 278)
1075 2198 1224 2254 bestimmt.

143 2270 206 2324 dem
223 2269 351 2336 5555555555
370 2266 516 2322 tolerabile.
552 2266 602 2324 55,
622 2265 657 2320 ’5.
710 2297 744 2305 -
778 2267 922 2321 inclinatio
957 2268 1027 2321 cocus
1063 2267 1135 2320 wiri
1169 2283 1222 2322 von

139 2339 242 2393 1123:
269 2339 303 2390 ut
330 2337 367 2392 ad
394 2336 452 2389 eius
477 2351 575 2402 empus
601 2351 658 2389 non
710 2334 864 2403 Quintilian
890 2335 942 2402 (XI
959 2339 983 2406 3,
1003 2338 1062 2390 test
1089 2335 1150 2390 dem
1172 2352 1219 2405 ge-

140 2407 220 2461 rnodo
237 2405 396 2471 5555555555,
415 2404 462 2458 sed
473 2420 508 2456 ne
518 2419 658 2458 seroomrn
708 2403 879 2458 wohnlichen
897 2403 956 2458 Ton
974 2404 1023 2458 555
1034 2403 1150 2473 Spreche
1163 2409 1224 2459 eut·
1335 2435 1337 2439 .

141 2475 251 2544 5555555
267 2474 413 2541 qnisquam
429 2473 572 2527 accederet.
608 2471 655 2526 ul·
708 2477 921 2542 gegengesetzt:
960 2472 1028 2526 tales
1059 2476 1127 2528 sunt
1157 2473 1222 2528 illue

140 2541 360 2610 lenit-Seyffert,
395 2540 456 2594 Lat.
493 2540 540 2594 Gr.
570 2541 655 2609 §349
707 2541 902 2596 inclinationes
919 2541 996 2608 uocis
1021 2557 1089 2610 quas
1106 2542 1221 2596 innuens

140 2613 165 2665 A
189 2617 212 2664 5.
707 2609 903 2666 Demosthenes
921 2613 948 2664 et
964 2609 1111 2664 Aeschines
1125 2627 1220 2678 eupro-

178 2682 234 2734 158.
264 2678 316 2733 Die
352 2677 573 2732 Charakteristik
608 2677 656 2730 cer
707 2678 796 2745 brant,
826 2694 883 2732 non
919 2679 980 2733 ideo
1008 2679 1225 2748 improbandae,·

142 2748 283 2803 einzelnen
312 2746 421 2800 Reiner
454 2745 525 2800 wiri
554 2745 596 2800 oft
625 2745 655 2798 in
706 2761 768 2799 curn
785 2747 859 2800 enim
886 2750 999 2815 actuque
1015 2747 1099 2803 alteri
1115 2747 1222 2815 555555,

142 2815 442 2884 asyndetischerForm
481 2813 591 2884 egeben,
611 2813 655 2868 die
701 2815 932 2882 pannestutru
976 2815 1123 2884 nascente.
1152 2833 1220 2870 narn

141 2886 193 2940 den
220 2883 360 2940 lebhelten
378 2883 438 2936 'Pon
460 2829 512 2936 {es
539 2881 654 2949 Gespr‘d·
706 2899 792 2950 neque
808 2883 857 2938 ille
861 2900 917 2951 per
962 2883 1221 2938 arationiaethr-

141 2954 204 3008 ches
216 2953 278 3008 sehr
310 2950 595 3006 lilokliohnachahmt.
620 2965 655 3003 zu
707 2954 833 3004 taearuna
862 2955 890 3005 et
918 2951 1072 3005 Salaminis
1093 2967 1218 3019 propup-

142 3025 200 3076 173.
230 3023 280 3074 216
320 3061 325 3074 .
360 3022 419 3072 264.
465 3017 498 3070 Ι5
527 3017 575 3071 555
603 3018 654 3072 Β5-
706 3022 816 3072 naiores
833 3023 904 3074 recto
921 3035 987 3074 sono
1008 3019 1081 3084 (5.5.
1105 3035 1159 3075 non
1176 3019 1220 3072 in-

142 3089 308 3158 schreibung
335 3089 393 3142 290.
441 3085 654 3154 exspectabatur,
706 3086 818 3152 olineto)
843 3087 953 3154 inravit,
981 3104 1029 3140 nec
1050 3087 1098 3140 ille
1115 3086 1222 3143 Thebas

139 3171 341 3281 ”intimi
361 3154 500 3278 initi-⁶
512 3153 653 3276 ‘itti‘
705 3154 1221 3293 sete⁶l¹tt⁰¹²tlcitrc¹rt

139 3245 153 3280 c
223 3242 303 3280 55555
375 3265 381 3277 .
477 3240 489 3276 5
531 3240 548 3275 5
621 3264 653 3276 ..
813 3265 818 3276 .
996 3240 1010 3277 5
1169 3240 1183 3277 5

139 3312 192 3364 qno
209 3309 343 3348 55555555
360 3291 510 3358 hominurn,
533 3307 588 3358 qua
608 3307 654 3344 ea·
706 3297 770 3362 sagt
788 3291 888 3361 Cicera,
907 3292 1028 3346 welchen
1046 3307 1076 3345 er
1093 3307 1142 3346 vor
1161 3293 1217 3346 Au-

140 3363 307 3433 spectatione
333 3361 445 3430 defensa
466 3362 519 3414 est:
544 3359 653 3414 111332
705 3375 759 3432 gen
786 3361 843 3430 hat,
870 3361 940 3416 55555
956 3361 1119 3430 5555555555
1139 3364 1216 3425 (orat.

139 3450 209 3487 ne..
228 3431 316 3486 oratio
333 3446 390 3484 non
414 3429 499 3498 dipna
518 3431 653 3496 suspect·
705 3433 756 3492 57).
790 3429 829 3483 Es
856 3429 925 3483 wiri
943 3429 999 3482 also
1027 3428 1075 3482 555
1092 3429 1152 3482 'Pon
1170 3429 1221 3484 555

140 3503 215 3556 tione
233 3503 260 3554 et
284 3497 394 3554 silentio
416 3497 503 3568 fauce
519 3497 652 3551 uideatu.
689 3496 894 3564 ,penecisohen
922 3497 997 3554 Rede
1027 3497 1146 3552 dadurch
1171 3497 1219 3552 be·

138 3569 191 3623 Die
210 3568 339 3637 Spannun
386 3565 516 3622 verstand
540 3565 654 3620 Crassus
704 3565 836 3620 aeichnet.
872 3583 908 3621 55.
930 3569 976 3620 56;
1001 3565 1072 3620 uolet
1088 3566 1143 3632 ille,
1169 3567 1218 3634 qui

159 3637 231 3691 leich
257 3651 320 3691 vom
336 3583 469 3704 {iugang
496 3650 531 3687 an
556 3650 592 3688 zu
613 3650 652 3688 er·
704 3634 872 3701 eloquentiae
881 3635 1076 3704 principatum
1087 3637 1172 3702 petet,
1190 3637 1218 3688 et

138 3655 241 3774 151555,
269 3703 379 3760 deshalb
404 3704 483 3758 55555
508 3719 572 3756 man
595 3703 652 3758 ihm
703 3705 830 3758 contenta
856 3719 916 3758 uoce
932 3704 1061 3758 atrociter
1086 3703 1173 3756 eluere
1190 3705 1220 3756 et

138 3773 318 3829 iortdauerucl
326 3787 369 3840 au,
379 3771 550 3826 audiebatur.
574 3770 652 3826 Orus·
704 3771 839 3826 5555555555
858 3771 956 3826 lenden
981 3776 1009 3827 et
1024 3771 1162 3826 inclinata
1178 3771 1216 3823 ui-

139 3858 186 3897 sus
205 3846 270 3912 sagi
287 3841 331 3906 (de
348 3855 387 3895 ar.
404 3837 447 3894 III
464 3843 507 3903 33)
524 3855 577 3894 von
594 3839 652 3894 sich
704 3839 765 3893 deri
779 3840 872 3908 prauis
890 3844 916 3894 et
927 3841 1032 3910 inflexa
1043 3838 1214 3893 miserabilis.

138 3908 543 3979 imGegensataauAntonias,
556 3907 652 3962 ‹lessen
704 3905 881 3962 Gewlthnlich
899 3908 1005 3964 scheiut
1032 3923 1060 3962 es
1079 3906 1144 3961 aber
1160 3920 1214 3960 von

140 3980 336 4048 Bewegungen
355 3976 417 4032 sehr
435 3975 541 4030 lebhalt
559 3991 652 4030 waren
704 3975 764 4030 (lem
790 3975 877 4030 tielen
896 3976 955 4030 Tan
982 3975 1028 4030 555
1051 3975 1142 4044 Klage
1167 3989 1217 4042 ge-
