2830 4574
221 235 281 292 174
570 234 722 290 esurus.
758 235 935 303 cass-ass.

218 412 395 470 castellanos
405 412 644 487 triumphosduo.
667 417 700 471 at
708 413 778 489 plus
788 411 928 470 interluit
938 411 983 470 rei
992 411 1128 484 publicae
1139 411 1294 471 castellum

166 497 286 572 tttcapi
299 496 445 570 Ligurum
467 499 649 571 quambene
670 497 788 556 defendi
810 513 928 556 causam
942 495 988 555 Μ’.
1004 495 1084 555 Curi.
1116 497 1219 574 credo;
1242 487 1294 557 sed

216 582 438 641 Atheniensium
460 598 575 657 quoque
589 583 657 656 plus
671 582 811 642 interfuit
824 581 910 640 firma
931 584 1008 640 tecta
1024 581 1056 639 in
1071 581 1226 640 domiciliis
1241 584 1293 641 ha·

215 669 286 726 bere
300 684 389 742 quam
400 667 553 728 Minervae
568 668 686 742 signum
701 685 737 726 ex
752 668 840 726 ebore
853 667 1107 742 pulcherrumum
1122 672 1222 725 tamen
1237 685 1291 741 ego

216 769 262 810 me
277 752 413 811 Phidiam
435 769 499 812 esse
513 754 631 812 mallem
652 769 741 828 quam
754 753 804 811 vel
819 757 968 826 optumum
989 749 1105 811 fabrum
1120 752 1291 826 tignarium

217 855 308 911 quare
321 854 380 896 non
395 844 539 913 quantum
553 840 677 912 quisque
691 838 797 912 prosit,
820 837 872 896 sed
889 838 992 911 quanti
1014 837 1137 911 quisque
1159 838 1200 895 sit
1221 855 1293 911 pcn-

166 963 199 1017 74
216 923 378 982 derandum
400 929 459 983 est:
489 923 666 1000 pracsertim
693 940 758 982 cum
779 923 867 997 pauci
887 923 1012 997 pingere
1038 923 1158 996 egregie
1180 924 1292 997 possint

162 1011 268 1094 258aut
288 1008 409 1084 fingere,
433 1009 563 1085 operarii
584 1013 683 1067 autem
707 1013 758 1068 aut
771 1008 867 1068 baiuli
888 1008 988 1068 deesse
1009 1008 1203 1080 nonpossint.
1240 1009 1291 1069 sed

214 1111 314 1169 perge,
337 1094 487 1169 Pomponi,
511 1095 547 1152 de
562 1092 688 1154 Caesare
703 1099 733 1152 et
747 1094 837 1153 redde
852 1109 929 1168 quae
942 1098 1068 1152 restant.

301 1178 401 1239 Solum
421 1180 550 1254 quidem,
573 1179 672 1253 inquit
686 1179 749 1254 ille,
772 1184 803 1238 et
823 1179 910 1253 quasi
924 1179 1147 1238 fundamentum
1163 1180 1292 1237 oratoris

214 1265 306 1340 vides,
320 1265 497 1324 locutionem
511 1264 695 1324 emendatam
710 1271 742 1322 ct
754 1265 900 1324 Latinam
934 1265 1017 1323 cuius
1032 1280 1122 1340 penes
1138 1281 1210 1338 quos
1224 1264 1292 1323 laus

215 1351 310 1409 adhuc
324 1350 392 1426 fuit,
415 1366 473 1408 non
487 1350 545 1408 tuit
558 1348 682 1408 rationis
698 1355 751 1409 aut
766 1349 914 1424 scientiae,
937 1350 988 1408 sed
1003 1350 1088 1424 quasi
1109 1350 1203 1408 bonae
1223 1365 1290 1408 con-

214 1435 385 1495 suetudinis.
432 1436 519 1493 mitto
541 1433 572 1494 O.
587 1434 723 1492 Laelium
744 1434 778 1494 P.
799 1434 978 1511 Scipionem:
1001 1435 1107 1493 aetatis
1127 1433 1209 1493 illius
1231 1435 1292 1493 ista

213 1521 272 1578 luit
286 1521 352 1578 laus
374 1526 526 1594 tamquam
540 1519 734 1596 innocentiae,
756 1521 799 1579 sic
817 1521 926 1579 Latine
945 1520 1084 1594 loquendi
1099 1553 1140 1562 —
1155 1535 1210 1578 ncc
1231 1536 1292 1579 om-

213 1606 294 1663 nium
316 1610 422 1680 tamen,
446 1621 514 1662 nam
527 1605 647 1664 illorum
661 1606 799 1678 aequales
814 1605 974 1666 Caecilium
989 1611 1020 1664 et
1033 1605 1199 1664 Pacuvium
1212 1606 1291 1664 male

212 1734 359 1788 dictionem
371 1751 427 1803 pro
444 1736 574 1790 oratione.
586 1763 621 1774 -
632 1735 727 1789 costel·
777 1739 864 1806 ²²43·
874 1737 906 1790 E.
926 1766 958 1774 -
976 1736 1028 1802 p'ste
1044 1734 1126 1789 weist
1142 1733 1221 1788 nicht
1238 1734 1290 1788 sel·

213 1802 291 1856 hacc
308 1801 347 1857 ist
372 1803 441 1858 noch
461 1803 569 1858 kdhner
588 1803 629 1858 als
647 1803 726 1858 Jooic
777 1807 825 1858 ten
838 1804 886 1860 aut
898 1803 1122 1872 eiueAutierang
1134 1802 1181 1856 des
1194 1801 1291 1870 Spre-

215 1869 351 1940 deonteo
381 1871 521 1940 totmnpto
547 1873 612 1926 Hor.
640 1887 662 1925 c.
683 1871 726 1926 Ill
778 1872 931 1926 chenden
966 1871 1052 1926 selbst
1080 1871 1191 1924 zurttck.
1232 1874 1290 1925 288.

213 1944 235 2005 1,
266 1944 280 1993 i
316 1939 382 1994 weil
406 1945 440 1996 tr.
469 1941 641 1995 castellorum
668 1941 726 1994 nie·
777 1940 858 1995 (latii,
879 1941 894 1995 I
916 1944 962 1994 22:
991 1940 1102 1994 atinam
1131 1939 1182 1993 toti
1206 1940 1292 1993 iatam

210 1983 293 2062 mand
309 2013 410 2078 gesagt
426 2010 517 2077 hdtte3
541 2025 585 2063 am
603 2008 725 2062 thulich-
776 2012 895 2064 meatcm
929 2009 960 2062 dc'
991 2007 1161 2062 demoteles
1190 2007 1295 2062 duint!

210 2081 271 2132 sten
300 2077 339 2131 ist
372 2078 442 2132 noch
476 2078 547 2132 Phil.
582 2075 647 2131 XIV
677 2081 724 2132 23:
775 2077 803 2131 Π
823 2081 867 2132 18:
893 2077 944 2132 ott
968 2076 1017 2144 qai
1035 2076 1221 2145 possessiones
1245 2075 1291 2129 ha

208 2145 493 2226 Pharsalc'ccepapnac
503 2163 539 2230 ac
551 2145 724 2226 triumphare
776 2146 838 2226 bont
855 2145 903 2200 aui
919 2161 1009 2226 anana
1026 2148 1068 2199 eat
1082 2160 1170 2213 penae
1187 2160 1291 2228 eoram,

208 2209 723 2362 sacratisimae:
774 2212 1292 2362 disperdendam:

210 2350 366 2405 tchthcher.
775 2351 831 2406 Sat.
859 2352 918 2419 12,
946 2351 1020 2405 73E.
1047 2381 1082 2390 ·-
1107 2352 1290 2404 canocenicaa

242 2422 305 2471 257»
319 2419 345 2472 ai
363 2435 439 2471 noan.
481 2419 536 2472 Die
556 2419 653 2474 Statue
674 2420 723 2474 der
774 2420 911 2474 Korrekte
929 2419 1045 2486 Sprache
1071 2433 1130 2471 war
1145 2417 1177 2472 in
1195 2417 1289 2473 dama·

207 2485 317 2540 Athena
358 2486 485 2540 arthence
503 2487 551 2540 aui
570 2486 618 2540 der
634 2487 721 2541 Akro-
773 2487 844 2556 liger
856 2487 919 2541 Zeit
935 2487 997 2541 eine
1014 2486 1112 2541 ebenso
1125 2486 1291 2556 allgemoine

207 2553 277 2619 polis
307 2567 357 2606 aus
386 2552 456 2606 Gold
490 2554 547 2607 und
574 2555 720 2610 Ellenbein
773 2555 830 2609 und
853 2556 923 2610 ohne
943 2555 1072 2610 bewudte
1088 2555 1290 2624 Austreugung

206 2636 260 2674 uon
278 2620 392 2674 Phidias
412 2620 542 2689 gebildet
559 2652 594 2660 -
612 2636 663 2677 aa:
675 2623 721 2678 bei
773 2623 928 2678 erworbeno
948 2624 984 2678 Ei
1020 2623 1137 2691 nschatt
1163 2623 1218 2678 wie
1244 2623 1291 2678 die

206 2689 254 2742 der
276 2687 533 2758 Stoiibeaeichnung
559 2689 644 2745 bleibt
671 2692 720 2746 das
772 2691 914 2746 Unschuld
930 2691 969 2746 im
1010 2691 1166 2746 ‘desalten
1202 2691 1236 2744 de
1249 2707 1288 2746 or.

204 2762 293 2879 Fert,
305 2757 412 2827 factam
442 2773 514 2826 ganz
548 2759 721 2828 gewdhnlich
771 2760 820 2841 III·
833 2763 879 2814 39:
907 2765 976 2816 eant
1003 2761 1078 2814 eadm
1106 2759 1152 2813 c'llt
1180 2763 1290 2828 ommes,

217 2829 417 2950 ozcggwp:
443 2894 480 2949 du
505 2892 562 2949 bist
578 2910 640 2974 ,uns
667 2895 719 2950 den
770 2829 1292 2978 ffimngommffm

203 2964 341 3019 Abschluii
377 2963 446 3041 noch
481 2963 614 3033 schuldsg.
660 2965 718 3018 Das
770 2966 843 3020 clare
862 2967 952 3021 locatio.
969 2965 1126 3020 -Stntcaa
1144 2965 1289 3033 omaus,

203 3032 342 3102 Folgcnde
359 3031 398 3086 ist
409 3031 573 3101 ldmleitung
585 3049 620 3087 zu
632 3032 717 3086 lolii.
770 3034 812 3088 als
840 3034 993 3089 komischer
1008 3034 1124 3089 Dichter
1149 3035 1287 3103 berthmt,

203 3131 237 3139 —
263 3101 353 3156 colom
383 3100 417 3154 de
442 3115 479 3153 or.
504 3101 548 3154 ΠΙ
575 3104 640 3155 151:
670 3100 719 3156 hoc
770 3117 828 3156 war
863 3119 912 3157 aus
947 3101 1115 3157 Oberitalien
1150 3102 1285 3174 gebhrtig

202 3170 282 3235 quaed
298 3169 389 3224 aciwm
405 3169 541 3236 quodam
558 3173 640 3236 atque
651 3169 718 3238 pim-
770 3171 898 3228 tInaadcr
927 3169 1037 3237 Gallae)
1066 3171 1124 3225 und
1149 3171 1225 3227 starb
1255 3172 1287 3225 in

203 3237 365 3292 domatum
383 3241 430 3304 cst,
448 3237 591 3291 verboruma
610 3253 679 3291 aeas
692 3242 719 3292 et
769 3239 838 3292 Rom
856 3254 917 3293 nms
935 3239 962 3294 J.
982 3242 1043 3307 168,
1066 3240 1101 3294 da
1119 3239 1210 3308 Scipio
1228 3239 1286 3294 und

202 3305 281 3372 copta
298 3306 439 3360 bonoram.
457 3333 491 3344 -
508 3304 597 3358 addae
613 3303 717 3359 bisant
768 3307 865 3361 Ltlius
896 3308 965 3362 noch
993 3307 1056 3362 sehr
1084 3309 1157 3378 jung
1182 3323 1277 3362 waren

202 3385 301 3494 ssa
329 3373 415 3494 se
445 3370 717 3510 teutanes
1208 3393 1286 3500 m

202 3507 294 3588 nell.
305 3537 340 3546 -
351 3509 556 3563 macine
574 3511 616 3574 (=
628 3524 716 3590 saep
766 3515 863 3592 duca
881 3512 1033 3567 mactata
1050 3487 1098 3568 eit.
1115 3545 1150 3553 -
1168 3513 1209 3568 M.
1225 3514 1286 3594 aa

202 3578 323 3698 ello
349 3575 716 3702 cinth
767 3580 947 3727 occsa
966 3580 1286 3719 resistitis

202 3711 496 3780 (Sataugramm.
515 3715 662 3780 lotitia.)
682 3744 714 3756 -
766 3715 944 3770 Brundusium
973 3716 1012 3771 im
1039 3717 1065 3772 J.
1089 3721 1154 3788 219,
1186 3719 1285 3774 warda

201 3781 331 3835 Laelium
348 3779 503 3860 Smpiooaa
520 3781 653 3861 titillj
672 3783 713 3839 sie
765 3782 880 3862 boinahe
899 3787 931 3839 90
943 3785 1028 3840 Jahre
1046 3786 1094 3864 alt.
1130 3787 1283 3842 Besonders

201 3849 296 3908 steten
315 3849 384 3903 ohne
397 3853 430 3916 et,
448 3849 512 3903 weil
523 3864 563 3903 sue
575 3865 611 3904 nu
623 3865 713 3906 emam
768 3865 842 3906 seme
859 3853 970 3907 kdhnen
984 3853 1196 3924 Neubuldungen
1208 3871 1283 3910 wur-

199 3917 273 3972 Paar
307 3917 446 3987 vereinigt
479 3917 552 3980 sind;
587 3918 644 3986 rgl
678 3935 713 3974 au
765 3920 816 3974 den
834 3935 888 3976 von
906 3920 1031 3976 Lucilius
1048 3937 1075 3976 u
1094 3922 1126 3978 A.
1145 3924 1280 3993 getadeit
