2846 4574
479 275 633 333 BRUTUS.
668 277 684 345 e
704 269 760 332 140.
780 269 837 333 ιιι.
1141 277 1200 337 101

128 459 235 526 genter
261 453 401 526 loquendi
426 453 514 512 laude
541 453 639 512 eeruit
664 455 770 529 (neque
790 460 891 513 temen
915 459 962 513 est
983 454 1136 513 admodum
1157 455 1201 513 in·

128 539 249 611 quinete
275 537 417 614 loeutus),
447 539 498 598 sed
525 538 591 614 illu,
622 555 695 611 quae
716 540 840 615 proprie
867 540 932 598 leus
953 540 1082 598 oratoris
1103 541 1201 599 estin

127 623 235 684 verbis.
261 640 331 682 nem
351 625 449 700 ipsum
463 623 571 682 Latine
585 623 667 698 loqui
689 631 735 683 est
748 625 823 683 illud
838 625 956 700 quidem
972 617 1049 704 [est],
1065 630 1100 684 ut
1113 627 1202 700 poulo

128 713 198 768 ente
220 709 290 784 dixi,
313 709 345 767 in
366 725 475 782 magne
496 709 584 767 leude
598 708 771 786 ponendum,
794 710 925 768 sednon
943 716 1006 768 tem
1021 726 1075 769 sue
1089 716 1200 785 sponte,

128 809 216 868 quem
231 795 307 866 quod
322 800 368 853 est
383 812 401 853 a
414 795 561 870 plerisque
575 794 757 869 neglectum3
779 811 838 853 non
853 795 930 854 enim
944 799 1004 854 tem
1016 796 1202 869 praeclarum

127 885 174 937 est
195 879 271 938 seire
285 880 394 938 Latine
409 897 497 954 quem
517 885 606 952 turpe
620 880 742 955 neseire,
757 896 852 955 neque
866 885 927 939 tam
941 881 973 938 id
987 881 1060 939 milri
1074 881 1202 940 oratoris

60 991 62 994 ·
126 965 196 1022 boni
219 981 305 1037 quem
328 965 402 1024 oivis
415 964 544 1023 Romani
555 965 708 1041 proprium
722 965 847 1026 videtur.
877 966 928 1024 sed
943 971 1042 1024 tumen
1056 966 1201 1025 Antonius

126 1050 159 1107 in
173 1049 274 1109 verbis
297 1055 328 1108 et
349 1050 501 1124 eligendis,
524 1066 619 1124 neque
640 1050 782 1126 idipsum
804 1057 865 1109 tam
887 1051 997 1127 leporis
1012 1067 1101 1111 eausa
1115 1067 1201 1126 quem

126 1135 281 1210 ponderis,
304 1141 335 1194 et
363 1135 540 1194 collocandis
568 1139 599 1193 et
620 1137 877 1212 eomprehensione
890 1177 892 1180 -
906 1136 1105 1196 devinciendis
1126 1137 1202 1195 nihil

126 1235 187 1277 non
208 1220 247 1277 ed
261 1219 407 1279 rationem
427 1224 457 1280 et
474 1223 623 1294 tamquam
645 1221 792 1279 edentem
807 1221 971 1296 dirigebat;
992 1238 1096 1281 verum
1109 1221 1202 1280 multo

126 1305 224 1378 magis
235 1305 290 1363 hoe
304 1305 380 1364 idem
395 1306 428 1364 ln
442 1304 658 1364 sententiarum
672 1307 853 1365 ornamentis
863 1312 899 1365 -et
914 1307 1202 1366 conformationibus.

127 1399 186 1464 quo
208 1406 317 1462 genere
337 1392 407 1466 quie
420 1396 556 1467 praestet
570 1385 937 1468 omnibnsDemosthenes,
952 1393 1061 1451 ideireo
1077 1409 1095 1450 e
1109 1392 1202 1450 doctis
1212 1397 1254 1448 141

127 1479 280 1534 oratorum
302 1481 349 1534 est
369 1477 507 1552 prineeps
529 1475 686 1536 iudicatus·
724 1477 876 1560 σχήματα
900 1479 977 1536 enim
1000 1494 1074 1550 quae
1095 1482 1203 1536 voeent

126 1559 240 1636 Graeci,
264 1577 299 1619 ee
320 1578 453 1620 mmume
476 1567 584 1620 ornant
606 1565 752 1622 oratorem
774 1579 866 1638 eaque
886 1580 946 1622 non
968 1569 1029 1621 tam
1049 1564 1082 1621 in
1102 1563 1202 1623 verbis

127 1773 168 1826 sie
198 1770 275 1827 nieht
304 1773 453 1842 sorgddltig
482 1773 539 1827 und
563 1773 639 1826 mehr
691 1782 750 1826 τῶν
779 1777 936 1842 ὀνομάτων,
972 1773 1016 1828 die
1045 1791 1202 1830 zusammen

127 1840 176 1894 eui
192 1840 355 1894 Neehdruek
373 1841 415 1894 ele
432 1841 639 1895 eulSohdnheit
690 1841 743 1896 mit
771 1841 824 1896 den
854 1845 979 1910 σχήματα
1021 1845 1053 1904 (s.
1075 1847 1113 1910 u.)
1137 1846 1202 1911 „den

124 1909 243 1963 bedeeht
271 1924 336 1962 wer.
379 1909 476 1962 Dieses
502 1909 559 1962 Lob
589 1909 639 1962 soll
691 1913 807 1964 emeatus
825 1915 856 1974 (s.
870 1911 905 1978 o.)
924 1912 1095 1966 enemeeheu.
1130 1913 1204 1967 Uber

125 1977 182 2031 Cio.
209 1976 295 2030 selbot
321 1976 497 2030 vorbehelten
523 1976 638 2031 bleiben.
690 1978 720 2031 id
740 1993 776 2032 nu
803 1981 860 2032 130.
886 2007 920 2018 -
945 1979 1080 2048 oompyeb.
1108 1984 1149 2034 94.
1167 2011 1202 2022 -

125 2045 256 2099 Indessen
284 2044 342 2097 will
365 2059 395 2097 er
420 2045 488 2098 doeh
510 2044 555 2098 die
571 2045 639 2099 Vor-
691 2047 771 2114 rotie,
794 2041 986 2117 ‘uerst'endige
1009 2046 1203 2117 llberlegung',

125 2113 227 2168 stellun
260 2112 638 2179 niehteuikommenlessen,
691 2113 730 2167 ist
773 2129 827 2168 von
870 2131 930 2181 ore,
971 2109 1204 2184 ‘sehulgereehter

124 2181 168 2235 ele
190 2127 260 2234 huffe
276 2180 415 2234 Antonius
433 2181 484 2235 den
507 2181 640 2235 Anforde·
691 2179 917 2304 Kunstbildnnff',
926 2187 1012 2238 etwas
1020 2183 1203 2251 verschieden,

123 2249 365 2386 dtdngtldt
382 2249 641 2372 1391111910
691 2249 913 2385 letoleto
928 2251 1204 2386 molestent

123 2385 205 2439 leude
223 2385 326 2454 cernit,
344 2401 380 2438 nn
396 2384 513 2441 betonen
530 2385 640 2440 dstote
691 2387 811 2442 vermied
868 2387 1066 2456 gestissentlieh
1123 2389 1204 2458 jeden

124 2454 201 2508 tome.
236 2454 283 2507 sed
304 2453 344 2507 ist
365 2453 450 2509 duroh
472 2454 516 2509 die
537 2454 640 2508 Peren·
691 2454 790 2510 Sohein
824 2455 872 2509 der
902 2455 1132 2526 Gelehrsemlseit3
1164 2457 1203 2511 im

17 2567 19 2572 .
123 2521 203 2576 these
229 2537 314 2588 oeque
341 2525 433 2576 taoreeo
457 2563 463 2576 .
483 2565 514 2577 ..
541 2537 639 2577 neren·
690 2523 767 2578 Erfol
814 2524 878 2578 kern
908 2524 967 2578 sein
985 2525 1138 2581 Veniehren
1167 2527 1203 2580 od

122 2589 191 2656 lesst,
215 2591 283 2656 petit
307 2590 371 2644 eber
394 2589 545 2660 eigentlielr
562 2591 640 2646 nicht
690 2608 750 2646 me
798 2591 920 2648 desselbe
943 2594 1049 2662 herous,
1073 2594 1114 2648 uls
1130 2599 1204 2649 utre

122 2659 269 2725 unitoque
287 2697 319 2712 ..
343 2659 440 2713 ceruit.
477 2660 533 2713 Zur
554 2659 639 2714 Seehe
690 2675 719 2714 es
737 2663 898 2728 (tonoqoem)
913 2663 950 2716 od
969 2665 1058 2716 ortem
1070 2677 1204 2732 genesen.

123 2726 158 2780 de
176 2741 214 2780 or.
232 2726 277 2780 ΙΠ
295 2731 326 2780 52
349 2743 428 2781 nemo
448 2744 580 2796 eoeneum
598 2731 640 2782 eet
689 2729 908 2798 -eoefoemare
919 2730 958 2784 ist
971 2734 1148 2798 σχηματίζειν
1165 2747 1203 2784 or.

121 2799 268 2856 oratorem,
277 2796 349 2862 quod
361 2793 463 2850 Lotim
476 2797 637 2864 loqueretur,
693 2797 1203 2866 ldtzoollteefereebeoloeteoee'oeqeee

123 2863 298 2930 admiretue3
315 2864 342 2917 ee'
358 2867 399 2918 eet
409 2864 501 2929 aliter,
519 2865 640 2918 irrident
690 2865 755 2918 dam
771 2865 988 2934 conformatione
1002 2868 1153 2921 sententiae
1164 2867 1204 2920 di·

122 2948 211 2998 oeeqoe
244 2947 307 2985 ewm
345 2935 481 2986 oratorem
516 2935 638 2987 tentem·
690 2933 805 2987 eiter-
820 2935 862 3006 τῷ
874 2932 962 3000 μηδὲν
976 2933 1070 2986 ἁπλῶς
1084 2939 1203 3000 ἀσχημά-

122 3001 211 3068 modo,
229 3000 276 3054 eed
293 2998 430 3054 bominem
453 3017 511 3054 note
522 3004 637 3068 poteret.
691 3019 788 3052 τιστον
806 3005 929 3070 teodoro
940 3007 1031 3068 νόημα
1043 3001 1126 3055 Dion.
1140 3002 1202 3055 Hel.

122 3069 637 3204 stititlttttltlttlugtt
691 3068 1203 3205 Τ1111111119111111111

124 3208 190 3258 nete
208 3205 296 3259 dicere
321 3207 380 3258 227.
407 3208 466 3274 261,
494 3202 562 3258 tiber
588 3204 637 3258 des
675 3219 728 3268 ,οι
749 3209 813 3258 136:
830 3205 877 3258 eed
899 3207 1100 3260 oententobreem
1122 3223 1203 3260 orroe-

123 3271 179 3328 cto.
211 3273 264 3326 den
283 3272 395 3326 Crassus
421 3272 451 3326 in
479 3273 512 3326 de
541 3287 577 3326 or.
596 3272 638 3326 111
690 3277 784 3328 mente
801 3274 909 3328 erectiore
926 3277 1000 3342 eunt,
1024 3274 1121 3342 qeeboe
1138 3277 1203 3343 quie

123 3340 204 3394 einen
232 3341 349 3410 lengen
383 3341 505 3410 Ventreg
543 3341 637 3394 helten
690 3341 919 3410 frequentieoeme
936 3342 1132 3397 Demosthenes
1148 3345 1202 3398 oti·

122 3409 191 3476 leet,
210 3409 340 3464 wdhrend
350 3423 380 3463 er
392 3409 437 3463 die
450 3409 508 3462 drei
519 3409 637 3464 enderen
691 3413 745 3477 ter,
764 3413 832 3465 seret
847 3411 897 3477 qut
908 3414 1012 3478 potent
1027 3411 1127 3466 ideireo
1145 3413 1203 3467 eine

124 3477 202 3531 'l'eile
232 3477 280 3532 der
304 3477 427 3546 elocutio,
455 3478 503 3532 des
525 3477 636 3545 Latine,
690 3478 871 3546 eloquentium
888 3495 1018 3533 emmone
1036 3496 1091 3534 esee
1109 3480 1203 3535 deude-

117 3545 206 3613 plene
223 3546 281 3599 und
297 3549 361 3614 apte
384 3547 463 3600 resch
481 3546 635 3600 ebhendelt.
690 3545 777 3602 bilem.
800 3577 834 3586 -
856 3549 942 3602 doctis
963 3573 997 3594 -ε
1008 3549 1202 3616 prudentium,

122 3643 157 3653 -
175 3615 244 3668 etot.
260 3618 316 3668 193.
332 3645 359 3652 -
374 3615 421 3668 sed
434 3618 526 3669 tuerere
538 3615 637 3668 nimmt
690 3615 777 3670 denen
794 3614 840 3670 ein
857 3615 1133 3672 wissensehoitliohee
1150 3619 1201 3672 Ur·

122 3681 168 3735 die
203 3682 288 3736 dureh
323 3683 375 3736 den
405 3682 448 3736 ein
471 3683 637 3737 esehobenen
689 3683 740 3737 teil
767 3684 886 3738 eneteht.
935 3685 1007 3738 1841.
1039 3688 1099 3749 186;
1128 3687 1200 3740 leel.

122 3750 188 3805 Setz
210 3750 426 3806 unterbroohene
469 3752 518 3805 ede
534 3751 637 3805 wieder
691 3753 748 3806 198.
772 3755 828 3806 199.
851 3755 910 3808 289.
933 3757 991 3806 320.
1016 3783 1050 3793 -
1077 3757 1202 3820 σχήματα

123 3819 180 3888 eui,
199 3823 241 3877 et.
266 3848 301 3858 —
328 3819 461 3888 eliqeodt‘e
478 3819 637 3874 bezeichnet
688 3817 784 3880 λέξεως
792 3820 849 3874 und
862 3817 1201 3876 dtaootaennterseheiden

122 3886 168 3940 die
188 3884 288 3956 sudoye}
316 3895 361 3952 (nn
378 3890 448 3956 253),
475 3888 637 3942 oolloeande'e
689 3887 733 3942 die
750 3887 896 3951 Rhetoren,
915 3893 956 3957 69,
968 3893 1032 3953 lem
1051 3889 1144 3943 Cicero
1156 3888 1200 3942 be-

122 3959 150 4010 et
167 3971 268 4023 compr.
288 3958 341 4022 (et)
366 3956 422 4009 deo.
441 3955 485 4010 die
507 3956 637 4008 σύνθεσις
689 3956 809 4010 treohtet
827 3956 871 4010 die
887 3957 1021 4011 letzteren
1038 3957 1078 4012 els
1096 3956 1139 4010 die
1156 3956 1200 4010 bei
