2830 4574
527 257 679 316 BRUTUS.
714 258 806 325 5326.
826 260 883 312 ast.
1183 251 1244 310 221

165 443 214 496 tus
236 453 295 494 non
318 440 390 494 erat
426 433 500 493 baec
518 438 625 510 autem,
647 440 683 492 ut
697 433 768 509 dixi,
790 451 901 508 genera
916 431 1031 492 dicendi
1045 430 1163 506 aptiora
1177 431 1297 491 suntote

165 519 412 594 adulescentibus,
434 519 466 577 in
487 520 607 578 senibus
628 519 810 594 gramtatem
831 536 890 578 non
903 519 1023 576 babent.
1053 517 1155 591 itaque
1169 517 1246 576 Hor·

166 607 279 665 tensius
294 612 421 681 utroque
435 621 545 677 genere
559 605 668 664 floreus
683 606 825 664 clamores
840 604 968 663 faciebat
988 602 1172 677 adnlesoeus;
1194 603 1247 660 ba·

165 692 258 754 bebat
279 691 356 750 enim
371 698 403 750 et
416 691 591 750 Meneclium
606 690 681 749 illud
695 690 827 750 studium
848 691 1020 749 crebrarum
1041 691 1246 746 venustarum-

166 793 224 852 que
246 776 469 851 sententiarum,
491 776 523 834 in
546 777 659 852 quibus,
682 777 763 834 utin
777 775 829 834 illo
845 774 957 834 Graeco
972 775 1015 832 sic
1029 772 1061 831 in
1075 773 1137 848 hoc,
1160 778 1247 834 erant

165 861 312 937 quaedam
326 863 421 937 magis
434 864 577 920 venustae
600 860 757 934 dulcesque
778 861 944 919 sententiae
966 875 1052 932 quam
1073 864 1128 916 aut
1148 874 1247 917 neces·

166 947 266 1006 seriae
281 951 335 1005 aut
348 945 498 1006 interdum
512 946 615 1020 utiles;
630 952 662 1005 et
676 951 744 1005 erat
757 945 853 1005 oratio
867 962 933 1004 cum
944 945 1071 1004 incitata
1085 949 1116 1002 et
1124 944 1246 1002 vibrans

167 1037 231 1090 tum
253 1033 344 1090 etiam
367 1037 507 1090 accurata
529 1038 560 1090 et
579 1031 682 1105 polita
714 1048 773 1092 nou
794 1031 999 1108 probabantur
1020 1030 1093 1087 haec
1114 1029 1246 1088 senibus:

166 1133 257 1193 saepe
277 1117 412 1176 videbam
435 1133 501 1174 cum
522 1115 696 1176 irridentem
718 1122 782 1175 tum
798 1116 887 1175 etiam
902 1117 1079 1174 irascentem
1095 1119 1126 1172 et
1140 1121 1247 1173 stoma·

168 1203 305 1266 chantem
320 1202 507 1278 Philippum
523 1201 574 1260 sed
588 1203 775 1261 mirabantur
791 1201 1001 1276 adulescentes,
1015 1199 1172 1259 multitudo
1187 1217 1246 1258 mo·

167 1288 303 1347 uebatur.
347 1293 414 1346 erat
436 1287 582 1346 excellens
603 1287 711 1346 iudicio
734 1287 817 1360 volgi
839 1291 870 1347 st
890 1287 979 1345 facile
999 1285 1110 1360 primas
1125 1286 1247 1345 tenebat
1254 1289 1297 1339 tut

166 1372 348 1432 adulescens.
384 1373 442 1431 etsi
464 1373 542 1432 enim
563 1389 658 1446 genus
679 1373 754 1431 illud
777 1372 892 1432 dicendi
914 1371 1098 1431 auctoritatis
1119 1370 1248 1429 habebat

168 1473 281 1534 pamm,
304 1464 403 1516 tamen
419 1464 520 1531 aptum
535 1473 599 1516 esse
614 1458 707 1517 aetati
722 1458 894 1531 videbatur3
917 1463 948 1516 et
963 1461 1051 1531 certe,
1066 1455 1144 1531 quod
1158 1462 1190 1515 et
1203 1457 1248 1514 in·

166 1543 238 1615 geni
253 1543 396 1616 quaedam
410 1543 506 1600 forma
528 1543 662 1601 elucebat
676 1541 699 1617 †
713 1549 745 1601 et
755 1543 966 1602 exercitatione
981 1542 1115 1616 perfecta
1126 1547 1248 1617 eratque

168 1630 325 1687 verborum
337 1628 460 1687 astricta
470 1628 696 1704 comprehensio,
713 1643 855 1688 summam
863 1629 1014 1687 bominum
1025 1626 1248 1686 admirationem

166 1714 327 1773 excitabat.
362 1713 414 1772 sed
429 1730 494 1772 cum
509 1713 568 1772 iam
583 1713 707 1772 bonores
722 1719 752 1772 et
766 1714 820 1772 illa
834 1714 932 1772 senior
947 1713 1110 1772 auctoritas
1125 1713 1249 1786 gravius

167 1912 228 1945 coe.
275 1891 368 1948 Senec.
398 1897 518 1948 controv.
542 1893 604 1962 18,
636 1895 681 1947 11:
734 1892 827 1948 Weiss
844 1908 880 1947 zu
898 1892 1056 1961 erweitern;
1074 1893 1131 1947 und
1149 1892 1184 1947 da
1201 1909 1248 1948 zu·

168 1959 316 2015 Amdtt'ncs
337 1979 372 2015 cu
397 1963 474 2016 acob
493 1960 682 2016 declamatori·
734 1961 790 2015 mel
806 1961 836 2014 in
849 1961 942 2015 diesen
954 1962 1069 2017 Worteu
1082 1962 1150 2016 doch
1158 1962 1248 2018 Neues

166 2031 225 2083 bus.
261 2029 318 2084 Zur
334 2029 462 2099 Stellung
484 2045 538 2084 von
555 2029 683 2084 Milesius
735 2029 818 2098 steht,
836 2029 1010 2097 dasSpbtere
1066 2029 1248 2085 rnicbtwis-

167 2113 191 2152 a.
212 2099 272 2152 285.
736 2113 783 2152 sen
801 2099 932 2166 konnten,
950 2097 1008 2152 und
1038 2113 1068 2152 er
1079 2097 1132 2152 Stil
1149 2099 1248 2154 cicero-

203 2168 262 2219 326.
280 2166 412 2221 claruerat
431 2170 487 2221 164.
511 2195 543 2204 -
565 2169 599 2221 ut
614 2167 647 2220 a'a
663 2166 683 2220 i.
735 2166 813 2221 niscb
831 2165 878 2233 ist,
901 2181 930 2219 so
952 2165 1002 2220 bat
1020 2165 1074 2220 Cic.
1098 2166 1183 2221 selbst
1200 2167 1249 2222 das

171 2231 224 2289 Gr.
251 2234 301 2289 soll
326 2234 510 2290 hervorheben
542 2235 594 2289 dati
614 2235 684 2289 auch
735 2233 883 2289 Bedttrtnis
918 2234 1036 2304 getbblt,
1072 2234 1130 2289 sein
1159 2235 1250 2290 Urtsil

167 2301 215 2381 eei
249 2303 387 2357 menemes
425 2303 474 2358 aas
509 2277 684 2360 demanare
736 2303 803 2356 noer
837 2302 931 2357 semen
957 2303 1098 2372 fumgsan
1132 2303 1249 2359 estnon

167 2371 259 2426 dieser
279 2370 508 2440 Gnomenjtgerei
529 2370 684 2426 schonber·
735 2371 813 2426 recht
839 2371 993 2441 eingebend
1018 2387 1054 2426 un
1081 2371 1249 2441 begriinden.

167 2443 285 2494 vortunt.
306 2468 336 2478 -
351 2440 469 2507 νῶναπε,
487 2455 550 2494 vom
567 2441 684 2494 zucken·
735 2469 771 2478 -
781 2440 893 2509 primae
910 2442 952 2494 83.
976 2470 1010 2481 -
1031 2441 1172 2508 quaedum.
1191 2444 1250 2495 288.

169 2508 224 2562 den
241 2507 316 2562 Blitz
333 2507 387 2562 wie
398 2523 452 2564 von
470 2508 531 2562 dem
543 2508 627 2562 durch
639 2508 684 2563 die
736 2538 771 2546 -
792 2509 885 2579 forceo
911 2508 993 2576 (Abl)
1020 2512 1079 2563 294.
1108 2515 1177 2564 orat.
1205 2513 1251 2564 tb:

168 2576 239 2630 Lirit
265 2576 503 2645 geschwungenen
525 2576 685 2645 Wurtspesr
735 2577 841 2647 foratu,
875 2593 945 2645 quac
979 2580 1115 2658 χαρακτήρ
1151 2577 1252 2632 Graece

170 2645 347 2714 iibertrsgen.
381 2660 419 2699 or.
437 2649 503 2698 tet:
525 2646 603 2699 caius
622 2645 684 2710 (De
736 2644 985 2700 cotan-Mene
1002 2645 1070 2714 tulgt
1086 2659 1150 2699 mun
1167 2649 1252 2701 ctuor

168 2712 329 2776 mosthenis)
347 2729 404 2768 coa
413 2713 619 2768 tamvdbrcrmt
629 2713 685 2783 ful·
737 2713 940 2777 cumulatiorem
959 2714 1024 2768 aber
1041 2718 1069 2768 ct
1085 2743 1120 2752 -
1146 2715 1252 2768 oesind

169 2780 324 2848 miscillo,
343 2782 400 2835 aiei
420 2782 544 2836 cumeris
560 2785 685 2837 contorto
736 2781 782 2836 bei
802 2781 895 2836 Cicero
919 2781 1057 2836 bisweilen
1082 2731 1251 2851 vergenlem

169 2851 322 2921 ferrentur.
370 2849 462 2917 Quint
492 2850 531 2904 XI
560 2853 590 2918 3,
622 2854 684 2904 120:
738 2849 868 2905 sliad'
916 2864 952 2903 uu
978 2850 1012 2904 de
1037 2849 1083 2904 fin.
1106 2850 1199 2904 Vct:
1225 2855 1253 2905 et

169 2918 276 2972 adicies
303 2917 366 2972 licet
389 2934 441 2987 cos,
467 2918 686 2985 quitantiarias
736 2918 850 2985 secatque⁸
874 2917 984 2986 weriot,
1001 2918 1251 2986 diquitatieeplcu-

169 2986 427 3056 strueremque
452 2986 620 3064 ducebatur.
659 2986 685 3040 X
736 2987 802 3040 dore
835 2986 931 3040 doctos
965 2986 1137 3040 becumen
1199 2987 1252 3041 isse

172 3055 455 3177 tilium&
468 3054 686 3178 tttlttttt
737 3053 895 3176 meme„
905 3070 1147 3176 walt
1169 3123 1198 3177 Ρ
1227 3071 1252 3109 ⁸'

171 3141 185 3177 e
455 3141 472 3176 u
674 3151 686 3162 ·
876 3163 882 3176 .
1023 3163 1029 3176 .
1107 3164 1115 3189 ,
1151 3143 1157 3176 :
1196 3141 1252 3178 otc-

171 3207 216 3246 oee
250 3163 437 3259 mbrct'eteeque
465 3192 623 3247 amentiae.
652 3219 686 3230 -
732 3191 815 3259 peius
838 3194 865 3246 et
886 3191 962 3259 apud
974 3191 1113 3259 populum
1135 3191 1253 3247 chancre

172 3258 296 3328 Philipp.
316 3262 373 3314 173.
391 3263 450 3313 230.
475 3277 478 3281 ·
737 3260 906 3328 coactcioquc
923 3259 1043 3314 medatem
1069 3262 1109 3314 cst
1125 3260 1157 3315 ic
1174 3277 1252 3315 eecc-

209 3332 267 3381 aru.
285 3331 347 3383 eret
363 3357 398 3368 —
414 3327 550 3382 excitabat
573 3326 687 3396 mttflige
739 3331 821 3395 auce
832 3345 850 3382 c
860 3327 962 3382 Catone
973 3330 1123 3383 accusatus.
1135 3345 1162 3397 p.
1173 3330 1252 3384 Rosc.

172 3395 391 3466 Wicdsrholung
434 3395 508 3450 eines
547 3395 687 3450 mebrtach
738 3397 852 3450 Am48.
870 3396 951 3450 Tusc.
968 3396 984 3451 I
1001 3400 1017 3449 4
1034 3396 1124 3465 lydor
1141 3396 1253 3466 stibna

174 3463 688 3587 ..ter
739 3465 1167 3590 occaecasset

173 3599 283 3654 handen
300 3617 366 3655 war.
401 3600 445 3655 Da
461 3601 611 3680 seddilm.
629 3599 688 3654 sicb
739 3618 802 3655 cum
827 3602 859 3655 ia
880 3575 970 3670 epulo
991 3551 1129 3657 reeusazt
1164 3573 1253 3672 yrcdo·

174 3685 212 3722 an
228 3668 326 3723 merae.
345 3699 379 3707 -
391 3670 488 3724 mosen
509 3668 688 3724 numiano
740 3674 781 3725 ec
807 3668 916 3725 murm
942 3671 1086 3735 seneen
1116 3670 1149 3725 us
1167 3645 1253 3724 nti

175 3736 337 3807 anscbliadt,
356 3752 385 3792 so
403 3737 453 3792 bat
469 3753 533 3792 men
551 3737 604 3792 den
620 3753 688 3806 gan-
743 3741 833 3792 ltbm.
868 3738 924 3793 Der
941 3739 1082 3794 Wortlsut
1100 3739 1147 3793 des
1159 3738 1253 3794 Satues

381 3805 689 3929 ...mn

823 3913 830 3927 ·
1156 3899 1189 3918 =
1209 3893 1253 3926 Ov-

175 3941 285 3997 (liceros
302 3942 393 3998 Urtsil
416 3943 483 3996 tiber
500 3943 535 3996 ll.
555 3942 585 3996 in
602 3915 690 3996 dieser
741 3947 932 4011 νιστραμιιινη
943 3917 1118 3998 Demet'r.2b.
1146 3942 1252 4000 Auders
1295 3987 1298 3996 .
