2846 4574
198 265 257 323 136
555 262 709 319 BRUTUS.
744 264 760 330 d
780 266 836 318 197.
856 266 915 321 198.

146 440 276 517 mequod
290 446 335 500 est
349 457 386 498 ex
404 439 499 499 tribus
518 440 644 498 oratoris
664 439 769 498 officiis
788 438 923 498 alterum.
957 438 1062 497 deinde
1077 455 1203 512 aequum
1225 442 1282 498 bo·

197 543 276 602 unm,
289 530 532 584 testamentorum
544 525 707 584 sententias
723 524 950 597 voluntatesque
961 529 1078 582 tutatus
1089 527 1146 583 est:
1162 531 1279 597 quanta

198 616 276 671 esset
289 611 321 668 in
335 611 435 670 verbis
450 610 546 683 captio
562 627 628 669 enm
648 611 681 668 in
702 609 810 667 ceteris
831 611 919 668 rebus
941 615 1004 667 tum
1025 610 1057 667 in
1079 611 1283 686 testamentis,

198 697 224 754 si
246 696 477 769 neglegerentur
497 696 681 769 voluntates;
715 699 852 767 quantam
874 695 932 753 sibi
954 694 1118 770 potentiam
1133 693 1280 755 Scaevola

197 786 368 855 assumeret,
391 781 417 839 si
439 798 522 839 nemo
544 781 670 839 auderet
683 785 893 838 testamentum
914 781 1012 838 faeere
1033 785 1137 853 postea
1159 780 1219 839 nisi
1241 781 1279 839 de

197 867 279 925 illius
294 866 447 926 sententia.
469 867 543 925 haec
558 883 622 924 cum
638 865 774 939 graviter
788 870 852 923 tum
872 867 909 923 ab
925 866 1066 939 exemplis
1081 865 1198 939 copiose
1213 871 1280 924 tum
1396 917 1397 936 ,

198 950 280 1011 varie
295 957 359 1010 tum
374 953 462 1010 etiam
475 952 600 1010 ridicule
622 957 653 1009 ot
673 951 770 1009 facete
792 951 942 1026 explicans
965 967 1028 1008 eam
1051 950 1281 1009 admirationem

198 1037 452 1109 assensionemque
481 1034 646 1112 commovit,
680 1035 788 1094 dixisse
816 1039 849 1094 ut
877 1040 980 1093 contra
1007 1051 1091 1094 nemo
1113 1035 1284 1096 videretur.

199 1123 253 1181 hoc
268 1127 334 1180 erat
349 1122 477 1180 oratoris
492 1121 619 1180 officinm
634 1121 797 1195 partitione
817 1121 953 1196 tertium,
974 1137 1083 1194 genere
1097 1137 1279 1180 maxumum.

198 1207 248 1266 hic
261 1207 313 1265 ille
329 1206 365 1264 de
379 1206 486 1282 populo
501 1206 598 1281 index,
622 1207 674 1281 qui
694 1206 852 1280 separatim
867 1207 995 1264 alterum
1010 1206 1175 1264 admiratus
1190 1213 1281 1282 esset

199 1293 276 1351 idem
292 1292 390 1350 audito
406 1293 501 1350 altero
522 1291 661 1350 iudicium
684 1307 769 1350 snum
791 1295 1003 1364 contemneret;
1026 1299 1144 1350 atvero
1159 1291 1282 1350 intelle·

200 1394 273 1451 gens
288 1383 319 1435 ot
333 1377 436 1435 doctus
451 1376 573 1435 audieus
588 1375 759 1436 Scaevolam
775 1376 901 1434 sentiret
916 1392 979 1434 esse
996 1376 1141 1450 quoddam
1155 1377 1282 1436 uberius

200 1463 316 1521 dicendi
331 1478 425 1535 genus
440 1467 471 1520 et
484 1463 627 1521 ornatius.
656 1463 693 1520 ab
708 1467 834 1534 utroque
856 1466 955 1519 autem
978 1477 1067 1519 causa
1088 1467 1231 1535 perorata
1252 1464 1280 1520 si

201 1553 402 1622 quaereretur,
424 1553 492 1605 uter
509 1551 676 1620 praestaret
694 1553 802 1621 orator,
818 1562 976 1620 numquam
988 1547 1120 1621 prolecto
1132 1547 1282 1622 sapientis

201 1632 341 1691 iudicium
363 1648 381 1689 a
403 1632 510 1691 iudicio
532 1633 614 1705 volgi
636 1633 827 1707 discreparet.

238 1760 626 1828 198.aequuuoouuu.1cs.
647 1761 712 1830 Dig.
765 1763 834 1815 esset
863 1761 894 1815 iu
923 1762 1013 1815 derum
1042 1761 1183 1816 uuuuous
1205 1762 1286 1830 isque

201 1829 267 1884 XXI
278 1833 301 1899 1,
310 1832 357 1882 42:
375 1831 474 1897 quouti
485 1830 586 1885 bouum
597 1846 714 1898 aequum
766 1832 893 1883 mortuus
905 1830 990 1897 pm'us
1007 1845 1091 1896 quom
1103 1830 1133 1883 iu
1143 1846 1226 1884 sumu
1238 1833 1282 1884 tu-

201 1898 288 1953 o'udo'co‘
295 1898 639 1954 mdebitureoudemuetur.
660 1897 715 1952 Die
766 1897 849 1952 telam
865 1899 995 1967 uenisset,
1016 1896 1195 1952 hereditatem
1213 1897 1284 1954 obti-

202 1967 258 2021 alte
275 1966 393 2036 Spraehe
410 1967 460 2022 hat
476 1966 548 2022 risle
564 1966 653 2021 solehe
672 1982 714 2020 oo·
766 1969 871 2020 uereut.
889 1996 924 2004 -
943 1965 1060 2020 rumulo
1083 1969 1140 2019 rm.
1159 1965 1193 2019 de
1211 1982 1249 2021 or.
1268 1967 1283 2020 1

201 2035 325 2104 puletive
353 2036 495 2104 Asyudete
544 2036 638 2104 ehaht,
670 2034 714 2088 die
765 2038 829 2087 24³:
847 2033 934 2089 multo
951 2035 1084 2088 maiorem
1096 2038 1286 2102 portensem·

202 2103 260 2159 sich
277 2104 307 2158 in
324 2104 450 2158 Formeln
473 2052 543 2158 aucfi
563 2108 656 2172 spater
674 2119 714 2156 er·
767 2103 920 2158 teutmrum
946 2102 1004 2157 sole
1031 2105 1077 2157 tuo
1104 2106 1132 2157 et
1149 2102 1238 2171 lepore
1255 2108 1284 2158 et

201 2173 294 2227 holten
318 2172 415 2228 haben.
450 2173 485 2228 So
502 2174 546 2227 111
568 2174 622 2226 oiri
638 2173 715 2250 apris
765 2171 948 2238 politissumu's
988 2171 1096 2240 facetiis
1129 2171 1283 2242 pellearsti,

202 2242 357 2296 iudieoudo's
366 2239 716 2310 odsiquoudr'sffiehnerder
765 2256 828 2294 cum
857 2242 884 2293 et
912 2239 983 2293 illud
1017 2239 1138 2293 mimium
1166 2256 1285 2294 oeumeu

201 2309 302 2376 26811.)
331 2309 388 2363 und
414 2327 476 2364 uere
504 2326 538 2363 or
557 2313 619 2363 euto
645 2325 715 2362 curo
766 2308 894 2362 illuderes
912 2312 939 2362 et
955 2308 1125 2362 admirarere
1136 2308 1285 2377 impendum

240 2379 293 2431 udo
305 2377 447 2446 feriuud03
469 2377 513 2431 bei
532 2327 579 2431 Xer
595 2375 715 2431 11111111-
767 2375 920 2446 Scaeuolae,
943 2377 992 2444 qui
1007 2377 1186 2445 eaecopitossei
1205 2379 1285 2431 uaser'

212 2461 271 2514 ung
288 2445 336 2499 der
347 2444 479 2500 Besmten
496 2453 541 2502 lun
553 2448 625 2509 114);
644 2445 715 2497 douo
761 2445 846 2512 prius
857 2448 980 2512 oportere
1045 2461 1074 2498 m
1091 2445 1189 2499 maort:
1207 2462 1284 2499 eum·

203 2514 278 2567 dedit
301 2513 385 2566 liberes
408 2514 505 2567 merito
526 2513 574 2566 aul
591 2511 715 2568 Weihin-
766 2529 818 2634 gua
840 2513 930 2566 multo
955 2512 1094 2582 eoliperee
1120 2516 1148 2567 et
1164 2531 1198 2566 ee
1216 2513 1283 2583 lepi-
1399 2525 1400 2544 ¹

203 2580 343 2646 schriiten,
361 2580 425 2634 hirec
446 2580 531 2648 illiue,
554 2581 612 2634 dies
629 2581 716 2634 uersu
784 2595 818 2634 us
835 2584 862 2635 et
878 2597 913 2634 eu
930 2585 1043 2636 semotus
1059 2581 1191 2636 emesults‘a
1207 2586 1236 2637 et
1247 2599 1283 2636 eo:

204 2649 305 2713 (Pleut
332 2648 408 2702 Triu.
435 2651 503 2713 287).
546 2648 626 2703 Viele
653 2647 716 2701 Bei·
766 2649 824 2703 oitu
854 2652 882 2702 et
909 2665 1033 2704 sermone
1058 2651 1200 2705 eommuui
1223 2668 1283 2706 mou

204 2716 288 2784 spiele
314 2716 344 2770 in
367 2716 415 2770 der
440 2717 486 2770 lex
512 2716 545 2770 de
566 2715 630 2784 imp.
649 2716 716 2770 Ves-
766 2717 846 2771 modo
863 2721 942 2772 acute
959 2719 1005 2773 sed
1023 2719 1107 2772 etrum
1124 2718 1283 2774 uuuuuoe

202 2801 260 2854 pos,
283 2786 398 2850 (Dessau
416 2789 483 2853 144),
505 2802 528 2839 u.
541 2785 573 2838 B.
588 2789 617 2838 17
636 2801 716 2852 quoe·
766 2786 860 2856 facete,
878 2786 970 2841 ubist
985 2786 1074 2856 oudo,
1092 2803 1149 2841 uou
1165 2804 1224 2840 rem
1242 2804 1282 2842 se-

200 2870 308 2922 curoque
325 2871 358 2906 eu
373 2870 427 2908 usu
444 2853 716 2922 respublieoemeies-
767 2871 918 2924 queremur,
953 2857 1049 2924 couficu'
1080 2855 1151 2909 udoil
1204 2860 1283 2911 osset.

203 2927 259 2978 tote
287 2923 445 2977 diuinorum
469 2965 506 2977 ..
541 2939 635 2977 rerum
661 2939 717 2976 esse
766 2952 801 2960 -
842 2940 921 2978 emere
942 2919 986 2977 ‘au
1010 2923 1075 2992 sich,
1099 2923 1158 2977 dem
1217 2939 1282 2978 esen

203 2991 597 3062 censebit,ee‘a9eresuceree'us
606 2992 651 3045 sit.
669 2991 716 3045 Al·
767 2940 844 3045 nesii
872 2991 905 3046 de
923 3007 960 3046 or.
978 2992 1022 3046 ΠΙ
1049 2996 1081 3046 34
1107 2992 1215 3062 formae
1240 2995 1282 3047 ἀι·-

204 3061 330 3130 teuhurg,
342 3060 419 3114 Neue
425 3060 519 3116 Jahrb.
527 3060 618 3128 Suppl.
626 3059 717 3114 XXIV
767 3061 847 3114 eeudo'
864 3062 951 3129 specte
962 3061 1094 3130 dispares,
1111 3078 1210 3130 peracre
1222 3060 1283 3115 lau·

202 3133 261 3183 495.
279 3159 313 3168 -
355 3130 495 3183 oteutmm.
530 3129 583 3182 Die
600 3128 626 3182 ei
647 3143 716 3181 enen
767 3127 878 3182 dociles.
914 3133 969 3196 opt.
992 3144 1054 3198 gen.
1073 3132 1088 3182 6
1110 3146 1159 3183 uec
1195 3131 1281 3183 sueri»

201 3198 299 3252 Worte
320 3146 367 3250 dgs
390 3197 503 3251 Crassus
528 3145 717 3276 iiihrtulfficero
769 3195 819 3278 dus
845 3198 920 3251 iuter
944 3214 1008 3264 sese,
1034 3197 1081 3252 sed
1101 3197 1283 3267 facultatibus

204 3265 292 3318 deor.
313 3265 392 3319 1124
420 3282 467 3319 an:
494 3283 561 3319 uam
587 3281 619 3332 se,
638 3264 717 3317 Scae·
767 3265 903 3334 deffereut.
921 3296 955 3303 —
973 3267 1006 3319 de
1008 3282 1084 3386 dpop.
1104 3269 1161 3320 1³1.
1176 3269 1232 3320 186,
1247 3296 1282 3305 -

205 3333 271 3399 uolo,
302 3333 412 3387 uultum
442 3335 495 3388 em't
523 3335 717 3387 testamentum
768 3335 919 3402 separatim
936 3333 990 3387 wie
1026 3349 1116 3402 orep.
1136 3334 1147 3386 l
1167 3338 1199 3387 54
1217 3335 1282 3388 uul-

204 3404 274 3455 reete
290 3401 404 3470 factum,
422 3403 479 3456 uisi
495 3403 566 3470 quod
584 3405 615 3455 tu
632 3401 717 3467 scrup-
768 3403 827 3456 lum
839 3419 893 3470 per
909 3419 938 3456 se
954 3403 1105 3470 separatim
1118 3401 1215 3470 probo.
1238 3418 1281 3470 ep.

205 3470 280 3538 seru,
298 3485 391 3523 omues
414 3472 450 3524 ad
469 3473 494 3524 te
511 3471 580 3524 ciues
596 3485 658 3522 cum
676 3472 717 3522 to·
768 3470 796 3524 ll
816 3473 889 3539 16,1
916 3470 988 3524 uoluat
1003 3471 1106 3525 cecidet
1132 3471 1158 3524 ea'
1174 3486 1280 3539 separo·

206 3536 277 3591 culis
305 3539 451 3605 mutemus,
482 3539 607 3592 omuimu
637 3541 717 3591 testo·
769 3539 820 3593 ta'm
837 3556 855 3591 o
872 3538 985 3606 reluquts
997 3538 1106 3594 mutus.
1119 3540 1284 3593 —oudieus

205 3609 298 3660 mento
316 3609 347 3660 tu
363 3605 462 3660 scribes
474 3622 555 3660 uuus.
567 3635 602 3644 —-
613 3605 647 3659 de
657 3622 717 3660 seu·
770 3607 812 3660 Sc.
830 3606 869 3660 im
887 3606 1043 3676 Gegensstz
1060 3623 1095 3661 un
1111 3608 1207 3662 audito
1218 3607 1280 3662 alt:

205 3675 293 3728 leutio
303 3676 343 3727 86.
357 3703 391 3712 —
404 3673 447 3728 ob.
466 3678 522 3729 161.
536 3704 570 3713 -
585 3674 717 3742 coemptis
788 3674 859 3728 leioh
881 3675 953 3729 heim
970 3676 1096 3730 Anhdren
1120 3676 1166 3730 des
1189 3681 1279 3731 ersten

205 3747 260 3810 top.
279 3744 329 3796 84:
347 3745 380 3795 ut
392 3742 508 3796 Crassus
525 3743 557 3796 e'u
568 3759 651 3798 eausa
664 3742 717 3798 Cu·
768 3691 897 3798 foemore.
920 3774 954 3782 -—
975 3744 1009 3798 ob
1031 3748 1157 3812 utroque,
1181 3759 1217 3798 se.
1237 3744 1281 3798 iu·

204 3812 287 3865 mono
315 3811 448 3878 euemplr's
471 3812 615 3879 plurumis
649 3827 718 3866 usus
769 3811 836 3880 dice,
855 3812 915 3865 dem
932 3813 966 3866 de
976 3813 1083 3881 populo
1095 3812 1151 3866 und
1164 3812 1224 3866 dem
1235 3814 1281 3866 iu·

204 3884 252 3949 est,
281 3881 330 3949 quo'
358 3883 518 3935 testomeuto
546 3881 586 3934 sie
610 3880 718 3934 heredes
770 3880 905 3949 tellepeus,
931 3881 970 3936 ist
995 3897 1030 3936 zu
1056 3880 1204 3935 verbinden
1228 3880 1281 3934 mit

204 3950 398 4018 instituissent,
425 3952 458 4004 ut
484 3949 510 4003 si
532 3949 608 4018 filius
634 3951 718 4002 uatus
768 3953 952 4017 qrmereretm.
978 3981 1013 3989 —
1038 3965 1202 4017 numquam:
1225 3964 1279 4004 von
