2830 4574
186 209 245 266 172
536 207 688 264 neurus.
724 208 902 277 §tte-255.

184 385 338 458 scripserit
352 384 504 460 primoque
520 385 553 443 in
566 385 644 443 libro
660 383 771 442 dixerit
784 385 942 442 verborum
952 383 1101 442 delectum
1117 383 1268 456 originem

184 486 248 528 esse
263 469 446 542 eloquentiae
461 471 667 545 tribueritqne,
690 469 731 526 mi
746 467 848 544 Brute,
870 469 939 527 huic
952 472 1062 543 nostro,
1087 469 1138 542 qui
1158 485 1207 528 mc
1225 469 1266 528 de

183 555 236 613 illo
258 555 364 613 maluit
386 571 473 629 quam
495 571 527 614 se
548 555 660 630 dicere,
688 553 806 612 laudem
827 555 1023 628 singularem
1052 571 1121 613 nam
1143 555 1269 628 scripsit

183 640 230 698 luis
244 639 351 715 verbis,
374 656 440 698 cum
455 641 533 699 hunc
548 641 664 700 nomine
686 642 763 698 esset
784 638 908 698 affatus:
931 637 974 698 ‘ae
989 640 1022 715 si,
1046 631 1115 719 (ut)
1130 640 1269 712 cogitata

183 726 337 798 praeclare
359 725 458 800 eloqui
471 729 599 801 possent,
620 724 756 784 nonnulli
775 725 872 783 studio
895 730 926 784 et
947 741 1003 784 usu
1025 725 1268 800 elaboraverunt,

184 811 267 870 euius
289 816 320 870 te
333 827 429 883 paene
442 809 604 887 prinoipem
626 808 727 883 copiae
748 813 839 884 atque
853 811 1037 868 inventorem
1058 811 1133 868 bene
1155 810 1192 868 de
1210 827 1267 868 no-

170 897 261 954 mine
283 913 319 954 ac
333 896 481 968 dignitate
502 897 606 972 populi
620 895 747 954 Romani
768 896 905 954 meritum
927 911 991 954 esse
1009 895 1190 954 existumare
1213 896 1266 954 de-

133 1025 167 1081 73
182 983 296 1041 bemus:
329 982 408 1040 hunc
434 981 552 1046 facilem
580 986 611 1039 et
639 980 820 1040 cotidianum
847 980 965 1040 novisse
997 997 1160 1040 sermonem
1189 997 1264 1040 num

131 1107 175 1157 254
183 1084 237 1141 pro
252 1067 356 1124 relicto
373 1071 418 1124 est
432 1065 634 1125 habenduml’
658 1065 734 1124 Tum
744 1064 872 1124 Brutus:
896 1067 996 1141 amice,
1014 1066 1142 1141 hercule,
1156 1064 1264 1141 inquit,

184 1156 214 1212 et
226 1151 382 1225 magnifice
396 1156 428 1210 te
441 1152 596 1210 laudatum
610 1155 691 1226 puto,
710 1167 796 1224 quem
810 1167 869 1209 non
883 1151 978 1210 solum
992 1151 1157 1226 principem
1172 1155 1266 1224 atque

183 1237 368 1298 inventorem
387 1237 487 1312 copiae
502 1237 620 1310 dixerit,
636 1252 711 1309 quae
726 1240 793 1294 erat
806 1252 915 1312 magna
928 1237 1003 1310 laus,
1018 1236 1070 1294 sed
1085 1237 1173 1295 etiam
1187 1237 1268 1295 bene

182 1323 321 1382 meritum
351 1323 386 1380 de
413 1322 517 1395 populi
538 1321 664 1380 Romani
690 1320 807 1379 nomine
835 1326 866 1379 et
894 1321 1052 1395 dignitate.
1098 1339 1155 1396 quo
1185 1322 1265 1380 enim

183 1425 242 1467 uno
252 1408 444 1468 vincebamur
459 1423 477 1464 a
491 1407 570 1465 victa
581 1406 715 1482 Graecia,
730 1406 762 1465 id
772 1411 827 1465 aut
838 1411 972 1480 ereptum
986 1406 1048 1465 illis
1064 1412 1109 1465 est
1119 1411 1173 1466 aut
1184 1411 1267 1466 certe

132 1493 268 1554 ittncbis
290 1510 355 1551 cum
377 1492 438 1550 illis
460 1493 711 1551 communicatum.
756 1491 833 1549 hanc
855 1497 966 1567 autem,
995 1491 1104 1566 inquit,
1134 1492 1266 1565 gloriam

186 1579 442 1650 testimoniumque
464 1575 600 1636 Caesaris
625 1581 694 1636 tuae
723 1577 840 1648 quidem
868 1577 1078 1652 supplicationi
1106 1593 1177 1652 non,
1211 1577 1267 1636 sed

187 1774 365 1844 derwertiges
383 1773 521 1830 ansehen?
549 1774 698 1829 Audiesen
747 1773 876 1843 beregen.
899 1790 935 1828 zu
955 1778 1011 1828 112.
1029 1803 1064 1812 -
1079 1771 1266 1832 oiocebconaru

184 1844 332 1899 Gedanken
359 1843 461 1911 knlipit
484 1842 596 1897 Atticus
623 1843 699 1897 seire
747 1841 813 1896 Hor.
832 1857 873 1910 ep.
891 1843 921 1896 11
940 1846 962 1908 1,
988 1846 1048 1896 156:
1077 1841 1194 1898 Graecia
1211 1844 1264 1898 cie·

182 1911 699 1980 Auseinandersetzungiaiii.-pri-
749 1913 778 1965 to
804 1911 897 1980 feam
923 1913 1052 1966 vaterem
1077 1911 1156 1978 cepit.
1200 1911 1267 1967 Wie

184 1999 236 2049 mo,
252 1975 301 2036 ‘im
319 1978 483 2050 Elingange'.
508 2011 544 2019 -
565 1981 698 2034 delectwm
747 1979 880 2033 Plutarch
907 1979 972 2046 (Cic.
992 1983 1018 2044 4)
1041 1979 1154 2048 eraihlt,
1182 1985 1266 2049 segte

184 2050 227 2104 die
263 2047 357 2120 ἐκλογή
392 2049 431 2103 im
461 2049 617 2118 Gegcnsatz
649 2064 699 2102 zur
748 2047 819 2101 idolo
836 2050 921 2113 (307):
948 2053 980 2100 ri
1001 2053 1062 2116 psa,
1087 2049 1268 2119 ῶΚικέρων,

184 2119 314 2170 σύνθεσις
335 2121 380 2182 (zu
404 2118 452 2172 der
468 2116 636 2172 namentlich
654 2115 698 2170 die
748 2121 855 2168 duasve)
891 2121 937 2168 καὶ
967 2116 1121 2184 θαυμάζω,
1157 2123 1205 2183 τῆς
1235 2113 1266 2168 dl

183 2185 408 2308 Periodisierunff
433 2185 490 2238 und
512 2184 698 2253 rhythmische
744 2177 881 2236 Ἑλλάδος
919 2188 1045 2252 οἰκτείρω
1087 2187 1139 2249 τήν
1181 2189 1266 2251 τύχην

184 2254 352 2324 Gestad‘tung
402 2269 432 2308 er
465 2254 541 2308 Rede
574 2253 698 2322 gehlir‘te)
749 2256 831 2321 ὀρῶν,
860 2255 876 2304 ἃ
903 2257 978 2308 aava
1005 2260 1064 2306 τῶν
1087 2249 1179 2304 καλῶν
1198 2256 1268 2320 ἡμῖν

183 2323 240 2376 und
269 2324 321 2377 den
345 2325 482 2388 σχήματα·
510 2321 566 2390 ng
585 2325 643 2375 272.
662 2335 698 2374 zu
747 2318 919 2389 ὑπελείπετο,
942 2325 988 2374 καὶ
1011 2329 1100 2372 ταῦτα
1120 2317 1269 2388 Ῥωμαίοις

186 2395 241 2444 140.
277 2392 311 2444 In
329 2390 428 2444 Ofisars
446 2363 548 2444 Sclirift
568 2390 632 2442 kam
650 2388 699 2441 der
750 2384 797 2439 διὰ
824 2396 875 2440 σοῦ
892 2394 1102 2460 προσγενόμενα
1132 2387 1266 2442 παιδείαν

184 2458 248 2538 Sata
278 2474 340 2537 vor:
374 2459 518 2537 loonqaosm
546 2456 697 2536 scapulare,
748 2461 794 2507 nal
815 2453 905 2524 loyce.
922 2487 956 2496 -
969 2457 1059 2536 'nobee
1094 2430 1159 2510 l5en
1179 2457 1272 2538 Datis

183 2525 698 2673 {iuditioffl‘iiidiwtiil
749 2523 798 2645 tt
813 2523 1271 2672 iiitttiilliitlttt

183 2663 258 2716 kann
284 2677 314 2715 m
341 2660 563 2739 dreseuvagen
590 2675 643 2713 nur
668 2676 699 2714 111
749 2659 876 2728 nuglerch
901 2678 964 2715 cam
992 2665 1044 2715 mut
1071 2662 1119 2716 der
1135 2662 1267 2716 Bezeich-

184 2730 233 2783 der
249 2729 416 2798 Einleitung
432 2727 496 2782 oder
513 2744 543 2781 1n
553 2728 698 2782 Exkursen
749 2743 828 2796 nung
851 2729 899 2782 der
916 2730 1036 2784 anderen
1053 2730 1155 2784 Person
1174 2731 1266 2786 debei-

184 2798 229 2852 die
237 2799 312 2852 Rode
322 2811 448 2868 genesen
458 2796 528 2850 sein·
542 2797 586 2852 die
595 2795 699 2852 Schriit
750 2797 833 2851 steht.

184 2867 269 2922 selbst
286 2865 415 2921 handelte
437 2880 491 2920 von
509 2839 624 2920 filaxion
641 2866 698 2918 und
784 2869 842 2918 255.
860 2865 1067 2935 supplicationi,
1080 2866 1185 2920 welche
1195 2867 1268 2921 nach

183 2936 388 3004 Wortbildung.
415 2933 619 2988 Hendricksons
636 2934 698 2988 Fol-
748 2933 934 3003 Entdeokung
963 2934 1011 2988 der
1037 2933 1268 2988 Catilinarischen

184 3003 466 3127 tetradia.
483 3002 582 3058 aaa.
611 3003 698 3126 tii
748 3002 1179 3138 detruncatae
1199 3019 1267 3140 lt·

182 3141 255 3196 olore
275 3137 466 3197 ‘vollkommen
488 3088 699 3194 *deutliehpund
747 3139 822 3206 rates,
851 3139 982 3207 quaecum
1008 3140 1045 3192 od
1067 3140 1161 3194 amaea
1173 3113 1268 3208 pulvi-

183 3203 251 3263 klar’
280 3209 355 3264 acad.
374 3209 387 3261 I
407 3212 457 3262 33:
479 3207 624 3276 praeclare
653 3223 698 3260 εω-
747 3208 831 3261 eorio
865 3207 1032 3276 mopplicote'o
1072 3208 1180 3263 decreto
1216 3211 1263 3276 est,

180 3276 567 3344 plo'ectarferapotetleerum
583 3279 612 3330 et
627 3275 698 3328 Aeo·
748 3274 907 3330 celebratote
937 3275 999 3330 illos
1028 3276 1086 3330 dies
1115 3293 1179 3331 eam
1204 3293 1270 3331 eoa·

183 3345 288 3399 demetra
313 3346 410 3400 veterat
437 3345 595 3398 auctoritas.
624 3341 697 3397 Plin.
746 3343 858 3412 lapidea
875 3359 907 3398 cc
924 3344 1136 3399 leiceastria.
1171 3345 1260 3413 tapeti

184 3427 224 3479 ep.
249 3413 293 3468 ΠΙ
318 3418 362 3480 13,
395 3419 423 3466 3:
458 3413 581 3466 iooeae're
614 3427 698 3479 prce-
747 3429 791 3466 me
807 3429 864 3466 ano
885 3416 977 3482 topoto
1000 3413 1068 3466 dare
1093 3417 1120 3468 et
1140 3414 1270 3482 impera·

183 3481 261 3548 clare,
280 3481 581 3549 enuntiaremopaa'ptee
599 3520 624 3534 ..
643 3480 698 3534 cle'e-
748 3483 806 3535 tore
836 3481 947 3536 lomatio.
991 3481 1056 3536 Ihre
1083 3481 1271 3552 Erwdhnung

176 3549 698 3618 ponereote,1tperareocre‘e..-eo·
747 3547 809 3602 hier
838 3547 916 3603 dient
946 3565 999 3602 nur
1034 3549 1141 3603 Ciceros
1175 3550 1268 3604 Eitei-

177 3618 238 3686 pe'o.
299 3621 305 3632 ·
338 3633 353 3670 e
379 3617 435 3670 und
455 3615 601 3671 Reiclrtum
627 3615 697 3672 wird
747 3615 815 3670 keit.
832 3646 867 3654 —
889 3634 946 3671 aon
972 3617 1011 3672 ist
1040 3617 1196 3672 auilallend
1241 3634 1270 3672 e·

182 3686 245 3742 sehr
270 3683 454 3740 bezeichnend
484 3685 524 3738 eis
552 3685 600 3738 das
628 3685 696 3740 Ver·
748 3684 837 3752 stelit,
863 3685 931 3740 doch
957 3685 1014 3755 vgl.
1045 3685 1087 3740 ad.
1113 3686 1173 3741 Att.

183 3754 274 3810 dienst
304 3754 351 3808 der
379 3753 560 3822 Darstellung
588 3752 697 3808 Ciceros
750 3756 781 3807 12
808 3756 823 3806 2
851 3769 931 3820 quem
957 3755 1003 3808 aad
1021 3753 1166 3808 Caesarem
1191 3755 1268 3810 sole-

182 3821 411 3892 hervorgehoben.
619 3890 625 3901 ·
750 3794 853 3888 talant,
879 3821 1030 3891 Pdilcppua
1055 3839 1120 3877 oon.
1160 3823 1265 3882 xvla

217 3896 276 3947 254.
295 3895 356 3946 eret
372 3895 444 3946 statt
461 3894 509 3957 eet,
529 3889 577 3945 aui
593 3890 699 3955 (imerii
750 3889 872 3946 Varroni
895 3891 1005 3958 quiden
1030 3891 1158 3959 deplicet
1179 3891 1269 3952 eonci-
