2830 4574
214 227 276 287 194
556 225 726 297 [annuus.
761 227 851 296 sna
870 227 927 280 nn.

212 419 388 480 quamquam
403 404 531 464 scienter
545 405 756 480 eleganterque
770 405 928 478 tractabat,
944 403 1066 462 nimium
1080 409 1179 462 tamen
1189 402 1291 477 inqui-

212 506 281 550 rens
302 489 334 548 in
356 505 387 548 se
409 493 498 564 atque
519 489 583 565 ipse
604 505 668 549 sese
689 491 849 549 observans
863 494 1063 564 metuensque,
1084 504 1121 546 ne
1142 488 1287 547 vitiosum

212 575 373 650 colligeret,
394 575 483 634 etiam
504 592 608 635 verum
622 576 795 648 sangninem
810 573 997 649 deperdebat.
1025 575 1128 648 itaqua
1142 573 1206 632 eius
1221 588 1290 630 ora·

211 661 253 720 tio
276 659 368 719 nimia
388 659 532 733 religione
553 665 710 719 attenuata
732 659 825 719 dootis
840 665 872 718 et
885 663 1002 717 attente
1016 658 1204 717 audientibus
1219 663 1289 716 erat

211 744 346 821 illustris,
368 737 421 824 <a>
441 745 632 804 multitudine
654 750 752 804 autem
773 751 804 804 et
826 745 933 820 aiom,
956 745 1004 802 oui
1025 749 1097 802 nata
1119 743 1291 818 eloquentia

211 835 264 906 est,
287 829 494 890 devorabatur.

152 924 202 977 284
297 913 374 974 Tum
405 913 532 990 Brutum
565 914 699 974 Altinum
732 931 777 990 se,
810 916 920 990 inqult,
954 912 1064 974 Calvus
1095 919 1197 972 noster
1230 911 1291 969 diei

211 1004 358 1062 oratorem
372 1000 499 1060 volebat.
532 999 601 1060 inde
615 1004 682 1059 erat
695 999 755 1058 ista
769 1000 896 1075 exilitas,
919 1015 1007 1074 quam
1021 999 1073 1058 ille
1088 999 1124 1058 de
1138 997 1290 1058 industria

211 1085 451 1160 consequebatur.
477 1085 611 1160 Dicebat,
625 1085 754 1160 inquam,
769 1085 827 1160 ita;
843 1085 895 1144 sed
909 1089 941 1142 et
955 1084 1018 1157 ipse
1029 1085 1151 1144 errabat
1166 1088 1196 1143 et
1212 1082 1289 1142 alios

210 1171 300 1231 etiam
322 1186 424 1230 errare
446 1172 577 1244 oogebat.
611 1185 679 1228 uam
701 1171 727 1228 si
749 1171 815 1243 quie
837 1187 893 1245 eos,
916 1169 969 1244 qui
988 1187 1044 1228 neo
1064 1171 1165 1243 inepte
1182 1168 1288 1226 diem

210 1273 264 1316 neo
279 1255 377 1315 odiose
391 1271 445 1314 neo
458 1255 570 1330 putide,
592 1251 693 1313 Attioe
707 1260 796 1329 putat
810 1255 914 1330 dicere,
937 1254 963 1312 is
985 1261 1067 1314 reote
1080 1254 1139 1314 nisi
1153 1252 1289 1313 Atticum

210 1341 319 1417 probat
333 1341 485 1400 neminem.
515 1339 714 1400 insulsitatem
729 1341 806 1400 enim
827 1347 859 1399 et
872 1339 1060 1400 insolentiam
1074 1346 1228 1414 tamquam
1243 1339 1288 1397 in·

210 1427 324 1486 saulam
339 1425 485 1499 quandam
499 1425 642 1484 orationis
656 1424 727 1501 odit,
747 1419 906 1486 sanitatem
921 1429 1020 1484 autem
1035 1432 1066 1485 et
1080 1426 1289 1500 integritatem

212 1511 297 1588 quasi
318 1510 491 1584 religionem
514 1515 545 1568 et
558 1505 765 1570 verecundiam
780 1512 908 1570 oratoris
922 1511 1038 1583 probat.
1070 1511 1144 1569 haeo
1158 1511 1289 1569 omnium

211 1656 364 1727 fiauhdtte
382 1655 519 1710 entweder
536 1655 628 1710 hintor
648 1655 723 1711 erud.
776 1657 845 1711 den
862 1657 1104 1712 Atticismus
1130 1657 1205 1710 und
1227 1656 1290 1710 die

212 1724 307 1780 stehen
332 1723 424 1791 sollen,
452 1724 566 1778 oderes
588 1725 724 1779 wireiilr
775 1725 1003 1796 Sobdtnung
1032 1726 1098 1780 der
1132 1725 1289 1778 alteren

120 1815 121 1818 ¹
209 1792 351 1863 adferebat
365 1792 410 1846 ein
422 1791 497 1847 Part.
512 1792 645 1848 erfordert
655 1808 722 1847 wor-
774 1793 932 1849 Redner.

210 1861 271 1916 den.
288 1891 323 1900 -
341 1860 484 1929 tractabat,
508 1860 670 1917 handhabte.
689 1891 723 1900 —

208 1928 632 2066 iiiiffliuffliiiieiehiti
654 1930 723 2052 tii
774 1930 1091 2054 ..iulittae
1112 1933 1162 2051 ἓὲἶ
1196 1929 1290 1996 ⁵⁶⁰⁹²⁴⁰

338 2040 344 2052 .
551 2039 557 2052 .
634 2039 640 2052 .
716 2040 722 2052 .
893 2016 905 2053 a
1137 2039 1144 2064 ,

211 2069 255 2121 18:
287 2067 390 2136 uentu
418 2067 513 2134 utque
541 2069 568 2120 et
595 2066 672 2120 Ouloi
697 2070 724 2121 et
774 2083 861 2121 numo
889 2067 1036 2135 maeatae
1064 2013 1292 2133 inunum

209 2134 297 2190 Bruti
322 2136 359 2189 ad
378 2134 531 2190 Ciceronem
551 2135 650 2189 naieaua
668 2135 722 2202 epi-
773 2138 825 2189 uui
853 2136 909 2189 diei
935 2151 964 2189 ae
992 2135 1150 2189 merant
1178 2134 1287 2188 Arruns

209 2203 305 2270 etuias,
325 2219 359 2256 eu
375 2203 472 2271 quobus
484 2203 565 2273 facule
577 2206 618 2257 est
629 2203 722 2272 depre-
773 2207 824 2258 aui
840 2204 897 2272 usa·
913 2203 1005 2258 Attae
1020 2203 1117 2258 uolunt
1133 2203 1230 2256 dune.
1255 2202 1289 2258 do

209 2270 331 2352 bendere,
352 2270 465 2325 Caluum
477 2271 586 2351 quidun
600 2270 723 2325 Oo'oeronr'
774 2275 828 2339 opt.
855 2287 917 2352 gen.
945 2287 982 2352 or.
1012 2275 1059 2325 11:
1082 2270 1289 2352 ⁸nonnullorum

209 2340 721 2461 mandatarium:
773 2355 861 2487 titi
870 2341 1288 2476 ininitiabili?
1396 2463 1397 2472 .

209 2475 280 2529 dirae
298 2477 438 2540 tarnquaon
456 2473 578 2528 uolutuon
604 2477 630 2528 er
647 2491 721 2527 euer-
772 2491 874 2529 manure
901 2481 1028 2531 nostrum
1053 2477 1148 2530 duere.
1172 2505 1208 2514 -
1226 2491 1288 2529 ora·

208 2558 275 2596 oern.
293 2570 328 2580 -
350 2540 488 2610 reliqt'one
516 2556 553 2594 or.
572 2545 619 2595 25:
646 2543 721 2596 Arn-
773 2546 858 2598 torem
883 2543 922 2599 ist
947 2544 1007 2599 hier
1023 2545 1096 2599 wohl
1113 2559 1163 2598 nur
1179 2543 1288 2599 Verhli·

208 2625 302 2665 eorum
344 2607 396 2662 reli
414 2609 473 2662 uui
514 2625 576 2662 oum
610 2610 723 2664 acturae
771 2616 844 2680 tung
889 2611 964 2666 eines
1007 2612 1288 2668 Minverstandnisses

209 2680 309 2744 orator,
337 2625 448 2756 uulgare
465 2677 574 2730 ouban
591 2677 720 2745 indolem,
771 2683 928 2749 nugesetzt3
947 2681 1027 2750 ndtig
1043 2697 1102 2735 war
1113 2695 1142 2735 es
1159 2680 1287 2734 nieht.-

208 2745 320 2801 nullum
338 2745 462 2800 odram
473 2760 578 2813 ponne
595 2745 720 2802 uadunt.
770 2749 980 2815 consequebatur
991 2752 1049 2803 281.
1068 2779 1099 2788 -
1118 2749 1196 2816 oliae,
1216 2749 1288 2802 anob

208 2817 254 2869 28:
281 2813 437 2869 Atticorum
465 2830 546 2868 aurea
572 2816 667 2869 teretes
696 2819 722 2870 et
771 2816 888 2885 Brutus;
905 2817 978 2871 llinl.
1016 2821 1076 2871 .13.
1111 2817 1189 2872 Nooh
1201 2816 1287 2885 Quin-

208 2883 357 2952 relt'qioeue.
384 2911 418 2922 -
439 2885 584 2937 attenuata
611 2884 719 2952 (ἰσχνός,
771 2883 853 2938 tiliam
875 2889 940 2954 segt
968 2890 977 2950 1
1029 2890 1041 2938 1
1082 2889 1157 2951 115):
1183 2886 1286 2952 iuveni,

207 2967 244 3007 or.
265 2950 462 3017 nostraeque
479 2951 596 3006 Herem
614 2951 653 3006 lv
674 2955 718 3006 11:
770 2953 819 3021 qua
839 2927 1286 3023 darmuuimmrmnuura.

207 3023 352 3076 attenuato
379 3023 421 3074 eet
439 3020 554 3087 (oratio),
581 3035 650 3087 quoae
674 3021 719 3074 de·
771 3051 801 3059 -
834 3037 933 3075 errore.
977 3037 1015 3075 or.
1041 3024 1089 3076 242
1115 3023 1163 3076 aed
1190 3025 1286 3076 tumen

207 3089 292 3143 rniaro
309 3092 349 3143 eat
365 3103 449 3156 usque
460 3088 496 3142 ad
508 3089 719 3143 nummolum
771 3105 814 3144 eoa
832 3093 943 3157 optumo
954 3091 1053 3156 eludia
1072 3091 1173 3144 indubio
1189 3091 1286 3144 minua

203 3157 274 3279 qun*
290 3157 512 3212 mutinen
529 3158 670 3211 rumorem.
685 3185 719 3196 -
770 3158 850 3226 firmo
862 3159 1006 3227 praeditos
1031 3159 1131 3224 dooere,
1157 3175 1228 3226 quae
1245 3160 1284 3213 eii

232 3240 271 3278 ao.
290 3224 353 3278 diel.
376 3227 425 3278 lb:
452 3225 591 3278 uruntur
612 3224 717 3279 Colone.
765 3227 884 3294 propriu
897 3227 957 3281 uua
969 3226 1133 3294 Attaeorrun,
1146 3243 1205 3281 nou
1216 3227 1284 3280 ulie·

207 3291 339 3361 Apuleius
356 3293 434 3361 (apol.
454 3292 498 3360 911)
525 3291 644 3346 schreibt
662 3292 719 3346 ilum
770 3310 839 3348 naun
858 3298 939 3362 puto.
965 3325 999 3334 —
1019 3296 1117 3363 inepte,
1144 3295 1215 3349 ohne
1233 3295 1284 3350 Ur·

206 3361 333 3429 arquatae
349 3376 384 3414 zu
401 3364 480 3424 uror).
497 3389 532 3399 -
549 3361 641 3414 autu.
662 3364 718 3414 141.
769 3362 827 3431 teil,
845 3363 1056 3432 godemannus,
1074 3367 1133 3417 ror.
1151 3368 1211 3418 nnn.
1224 3366 1284 3416 ner.

207 3457 242 3467 -
258 3427 385 3482 illuetre'e.
404 3432 461 3482 idi.
487 3457 522 3467 -
538 3431 614 3494 noto,
632 3427 718 3482 ihrem
769 3430 803 3484 de
820 3445 857 3484 or.
875 3430 904 3484 ll
923 3435 966 3484 17:
985 3433 1081 3500 eduae,
1105 3431 1282 3500 pedaniisoh3

206 3495 307 3550 Wesen
333 3496 403 3550 nauh
426 3496 574 3550 bestimmt.
591 3525 626 3535 -
643 3497 717 3551 deoo-
767 3514 820 3553 von
839 3498 931 3566 Quint.
949 3500 963 3553 l
981 3503 1003 3566 6,
1024 3504 1054 3554 19
1072 3501 1125 3555 mit
1143 3507 1287 3570 περίεργος

206 3563 512 3686 ffle'dleinliuniltgsmoffi
542 3563 717 3687 nhinovssrtbeiags
768 3565 967 3685 ςὲοἰοὴςτοεοῒῗῢ
985 3567 1152 3687 (Ιίἰοιι.ίΗαΙ.
1165 3569 1230 3688 1ῒὲη
1251 3571 1282 3698 1)4
1392 3595 1393 3600 κ

207 3701 319 3781 konnmb,
343 3699 400 3778 also
424 3701 493 3780 ohne
513 3701 716 3782 Auimerlrsam-
767 3653 867 3770 {ruffi
884 3655 1023 3758 axii‘elt’i‘grt
1031 3653 1280 3768 nsdaeqzyraamsgss

206 3769 266 3824 lert
291 3768 347 3822 und
366 3768 493 3822 llmsroht
515 3768 560 3822 idn
587 3769 635 3823 des
659 3785 714 3824 em·
767 3799 801 3810 -
830 3772 911 3838 lanaq.
938 3772 958 3824 i.
984 3774 1131 3839 quandam.
1161 3777 1221 3827 259.
1248 3801 1282 3810 -

205 3837 283 3892 relne
299 3837 441 3908 genieden.
460 3840 518 3890 236.
740 3844 741 3853 ’
768 3839 901 3894 oraubnab
919 3877 925 3891 .
945 3882 950 3893 .
974 3843 1092 3895 oratura
1117 3841 1177 3896 hier
1203 3840 1282 3894 nieht

241 3909 384 3962 rso—300.
430 3905 584 3960 llxlrurs
625 3906 717 3975 dbjer
768 3905 924 3976 (legensatz
942 3908 996 3962 wie
1016 3913 1047 3962 91
1057 3910 1089 3963 Δ.
