<?xml version="1.0" encoding="UTF-8"?>
<!DOCTYPE html PUBLIC "-//W3C//DTD XHTML 1.0 Transitional//EN"
    "http://www.w3.org/TR/xhtml1/DTD/xhtml1-transitional.dtd">
<html xmlns="http://www.w3.org/1999/xhtml" xml:lang="en" lang="en">
 <head>
  <title>
</title>
<meta http-equiv="Content-Type" content="text/html;charset=utf-8" />
  <meta name='ocr-system' content='tesseract 3.04.00' />
  <meta name='ocr-capabilities' content='ocr_page ocr_carea ocr_par ocr_line ocrx_word'/>
</head>
<body>
  <div class='ocr_page' id='page_1' title='image "./cicerosbrutus00krolgoog_0157.png"; bbox 0 0 2846 4574; ppageno 0'>
   <div class='ocr_carea' id='block_1_1' title="bbox 491 263 1211 333">
    <p class='ocr_par' dir='ltr' id='par_1_1' title="bbox 491 263 1211 333">
     <span class='ocr_line' id='line_1_1' title="bbox 491 263 1211 333; baseline 0.01 -15"><span class='ocrx_word' id='word_1_1' title='bbox 491 263 644 320; x_wconf 78' lang='lat' dir='ltr'><strong>neurus</strong></span> <span class='ocrx_word' id='word_1_2' title='bbox 681 265 858 333; x_wconf 74' lang='lat' dir='ltr'><strong>soor-mo.</strong></span> <span class='ocrx_word' id='word_1_3' title='bbox 1150 267 1211 326; x_wconf 79' lang='lat'><strong>145</strong></span> 
     </span>
    </p>
   </div>
   <div class='ocr_carea' id='block_1_2' title="bbox 131 440 1267 944">
    <p class='ocr_par' dir='ltr' id='par_1_2' title="bbox 131 440 1267 944">
     <span class='ocr_line' id='line_1_2' title="bbox 134 440 1211 517; baseline 0.003 -18"><span class='ocrx_word' id='word_1_4' title='bbox 134 441 180 500; x_wconf 83' lang='lat' dir='ltr'><strong>ite</strong></span> <span class='ocrx_word' id='word_1_5' title='bbox 203 442 239 498; x_wconf 82' lang='lat' dir='ltr'><strong>ab</strong></span> <span class='ocrx_word' id='word_1_6' title='bbox 261 440 307 498; x_wconf 87' lang='lat' dir='ltr'><strong>his</strong></span> <span class='ocrx_word' id='word_1_7' title='bbox 330 458 382 499; x_wconf 83' lang='lat' dir='ltr'><strong>sex</strong></span> <span class='ocrx_word' id='word_1_8' title='bbox 404 440 538 514; x_wconf 83' lang='lat' dir='ltr'><strong>patronis</strong></span> <span class='ocrx_word' id='word_1_9' title='bbox 561 457 666 499; x_wconf 82' lang='lat' dir='ltr'><strong>caueae</strong></span> <span class='ocrx_word' id='word_1_10' title='bbox 687 441 820 499; x_wconf 82' lang='lat' dir='ltr'>illustres</span> <span class='ocrx_word' id='word_1_11' title='bbox 836 441 1017 517; x_wconf 78' lang='lat' dir='ltr'><strong>agebantur3</strong></span> <span class='ocrx_word' id='word_1_12' title='bbox 1040 459 1134 515; x_wconf 87' lang='lat' dir='ltr'><strong>neque</strong></span> <span class='ocrx_word' id='word_1_13' title='bbox 1149 448 1211 503; x_wconf 83' lang='lat' dir='ltr'><strong>tem</strong></span> 
     </span>
     <span class='ocr_line' id='line_1_3' title="bbox 133 525 1212 602; baseline 0.003 -18"><span class='ocrx_word' id='word_1_14' title='bbox 133 527 230 584; x_wconf 81' lang='lat' dir='ltr'><strong>multe</strong></span> <span class='ocrx_word' id='word_1_15' title='bbox 244 541 332 599; x_wconf 85' lang='lat' dir='ltr'><strong>quem</strong></span> <span class='ocrx_word' id='word_1_16' title='bbox 347 533 451 585; x_wconf 84' lang='lat' dir='ltr'><strong>nostra</strong></span> <span class='ocrx_word' id='word_1_17' title='bbox 466 531 565 585; x_wconf 80' lang='lat' dir='ltr'><strong>aetate</strong></span> <span class='ocrx_word' id='word_1_18' title='bbox 579 525 690 584; x_wconf 76' lang='lat' dir='ltr'><strong>iudicia</strong></span> <span class='ocrx_word' id='word_1_19' title='bbox 704 525 824 599; x_wconf 82' lang='lat' dir='ltr'><strong>fiebant,</strong></span> <span class='ocrx_word' id='word_1_20' title='bbox 848 543 944 600; x_wconf 88' lang='lat' dir='ltr'><strong>neque</strong></span> <span class='ocrx_word' id='word_1_21' title='bbox 958 526 1020 602; x_wconf 87' lang='lat' dir='ltr'><strong>hoc,</strong></span> <span class='ocrx_word' id='word_1_22' title='bbox 1043 527 1120 602; x_wconf 88' lang='lat' dir='ltr'><strong>quod</strong></span> <span class='ocrx_word' id='word_1_23' title='bbox 1134 545 1212 588; x_wconf 92' lang='lat' dir='ltr'><strong>nunc</strong></span> 
     </span>
     <span class='ocr_line' id='line_1_4' title="bbox 132 607 1210 686; baseline 0.003 -17"><span class='ocrx_word' id='word_1_24' title='bbox 132 611 175 684; x_wconf 69' lang='lat' dir='ltr'><strong>fit,</strong></span> <span class='ocrx_word' id='word_1_25' title='bbox 191 616 226 669; x_wconf 92' lang='lat' dir='ltr'><strong>ut</strong></span> <span class='ocrx_word' id='word_1_26' title='bbox 240 623 347 669; x_wconf 79' lang='lat' dir='ltr'><strong>causae</strong></span> <span class='ocrx_word' id='word_1_27' title='bbox 363 611 499 684; x_wconf 77' lang='lat' dir='ltr'><strong>singulte</strong></span> <span class='ocrx_word' id='word_1_28' title='bbox 514 610 744 669; x_wconf 81' lang='lat' dir='ltr'><strong>defenderentur</strong></span> <span class='ocrx_word' id='word_1_29' title='bbox 759 627 777 668; x_wconf 84' lang='lat' dir='ltr'><strong>a</strong></span> <span class='ocrx_word' id='word_1_30' title='bbox 791 611 935 686; x_wconf 87' lang='lat' dir='ltr'><strong>pluribus,</strong></span> <span class='ocrx_word' id='word_1_31' title='bbox 952 628 1007 684; x_wconf 87' lang='lat' dir='ltr'><strong>quo</strong></span> <span class='ocrx_word' id='word_1_32' title='bbox 1019 607 1095 670; x_wconf 86' lang='lat' dir='ltr'><strong>nihil</strong></span> <span class='ocrx_word' id='word_1_33' title='bbox 1110 622 1156 671; x_wconf 91' lang='lat' dir='ltr'><strong>est</strong></span> <span class='ocrx_word' id='word_1_34' title='bbox 1166 615 1210 673; x_wconf 91' lang='lat' dir='ltr'><strong>vi-</strong></span> 
     </span>
     <span class='ocr_line' id='line_1_5' title="bbox 132 696 1262 773; baseline 0.002 -19"><span class='ocrx_word' id='word_1_35' title='bbox 132 697 246 755; x_wconf 78' lang='lat' dir='ltr'><strong>tiosius.</strong></span> <span class='ocrx_word' id='word_1_36' title='bbox 283 696 491 769; x_wconf 79' lang='lat' dir='ltr'>respondemus</span> <span class='ocrx_word' id='word_1_37' title='bbox 513 696 556 754; x_wconf 88' lang='lat' dir='ltr'><strong>eis</strong></span> <span class='ocrx_word' id='word_1_38' title='bbox 577 713 651 771; x_wconf 88' lang='lat' dir='ltr'><strong>quos</strong></span> <span class='ocrx_word' id='word_1_39' title='bbox 667 712 725 754; x_wconf 92' lang='lat' dir='ltr'><strong>non</strong></span> <span class='ocrx_word' id='word_1_40' title='bbox 748 696 926 755; x_wconf 79' lang='lat' dir='ltr'><strong>audivimus:</strong></span> <span class='ocrx_word' id='word_1_41' title='bbox 949 697 1059 770; x_wconf 89' lang='lat' dir='ltr'><strong>inquo</strong></span> <span class='ocrx_word' id='word_1_42' title='bbox 1081 699 1262 773; x_wconf 76' lang='lat' dir='ltr'><strong>primumioe</strong></span> 
     </span>
     <span class='ocr_line' id='line_1_6' title="bbox 131 780 1267 857; baseline 0.002 -17"><span class='ocrx_word' id='word_1_43' title='bbox 131 797 220 855; x_wconf 80' lang='lat' dir='ltr'><strong>saepe</strong></span> <span class='ocrx_word' id='word_1_44' title='bbox 235 781 325 839; x_wconf 83' lang='lat' dir='ltr'><strong>aliter</strong></span> <span class='ocrx_word' id='word_1_45' title='bbox 339 787 385 840; x_wconf 88' lang='lat' dir='ltr'><strong>est</strong></span> <span class='ocrx_word' id='word_1_46' title='bbox 400 780 519 857; x_wconf 91' lang='lat' dir='ltr'><strong>dictum,</strong></span> <span class='ocrx_word' id='word_1_47' title='bbox 542 781 633 840; x_wconf 80' lang='lat' dir='ltr'><strong>aliter</strong></span> <span class='ocrx_word' id='word_1_48' title='bbox 647 780 685 840; x_wconf 80' lang='lat' dir='ltr'><strong>ed</strong></span> <span class='ocrx_word' id='word_1_49' title='bbox 699 797 752 839; x_wconf 93' lang='lat' dir='ltr'><strong>uos</strong></span> <span class='ocrx_word' id='word_1_50' title='bbox 767 781 909 855; x_wconf 83' lang='lat' dir='ltr'><strong>relatum3</strong></span> <span class='ocrx_word' id='word_1_51' title='bbox 932 781 1036 846; x_wconf 90' lang='lat' dir='ltr'><strong>deinde</strong></span> <span class='ocrx_word' id='word_1_52' title='bbox 1051 783 1152 856; x_wconf 77' lang='lat' dir='ltr'><strong>magni</strong></span> <span class='ocrx_word' id='word_1_53' title='bbox 1165 783 1210 842; x_wconf 92' lang='lat' dir='ltr'><strong>in·</strong></span> <span class='ocrx_word' id='word_1_54' title='bbox 1263 803 1267 812; x_wconf 88' lang='lat'><strong>·</strong></span> 
     </span>
     <span class='ocr_line' id='line_1_7' title="bbox 131 866 1210 944; baseline 0.003 -20"><span class='ocrx_word' id='word_1_55' title='bbox 131 871 227 925; x_wconf 83' lang='lat' dir='ltr'><strong>terent</strong></span> <span class='ocrx_word' id='word_1_56' title='bbox 241 883 339 925; x_wconf 83' lang='lat' dir='ltr'><strong>coram</strong></span> <span class='ocrx_word' id='word_1_57' title='bbox 354 866 456 926; x_wconf 86' lang='lat' dir='ltr'><strong>videre</strong></span> <span class='ocrx_word' id='word_1_58' title='bbox 470 883 523 942; x_wconf 88' lang='lat' dir='ltr'><strong>me,</strong></span> <span class='ocrx_word' id='word_1_59' title='bbox 547 883 633 940; x_wconf 89' lang='lat' dir='ltr'><strong>quem</strong></span> <span class='ocrx_word' id='word_1_60' title='bbox 648 867 686 925; x_wconf 82' lang='lat' dir='ltr'><strong>cd</strong></span> <span class='ocrx_word' id='word_1_61' title='bbox 700 866 816 924; x_wconf 93' lang='lat' dir='ltr'><strong>modum</strong></span> <span class='ocrx_word' id='word_1_62' title='bbox 831 867 1021 925; x_wconf 82' lang='lat' dir='ltr'><strong>adversarius</strong></span> <span class='ocrx_word' id='word_1_63' title='bbox 1043 868 1078 925; x_wconf 91' lang='lat' dir='ltr'><strong>de</strong></span> <span class='ocrx_word' id='word_1_64' title='bbox 1095 884 1210 944; x_wconf 84' lang='lat' dir='ltr'><strong>quaque</strong></span> 
     </span>
    </p>
   </div>
   <div class='ocr_carea' id='block_1_3' title="bbox 128 951 1261 1540">
    <p class='ocr_par' dir='ltr' id='par_1_3' title="bbox 128 951 1261 1540">
     <span class='ocr_line' id='line_1_8' title="bbox 131 951 1210 1027; baseline 0.002 -17"><span class='ocrx_word' id='word_1_65' title='bbox 131 969 164 1010; x_wconf 92' lang='lat' dir='ltr'><strong>re</strong></span> <span class='ocrx_word' id='word_1_66' title='bbox 187 958 346 1027; x_wconf 70' lang='lat' dir='ltr'><strong>asseveret</strong></span> <span class='ocrx_word' id='word_1_67' title='bbox 369 969 504 1010; x_wconf 80' lang='lat' dir='ltr'><strong>maxume</strong></span> <span class='ocrx_word' id='word_1_68' title='bbox 519 958 634 1026; x_wconf 86' lang='lat' dir='ltr'><strong>cutem,</strong></span> <span class='ocrx_word' id='word_1_69' title='bbox 656 967 743 1026; x_wconf 90' lang='lat' dir='ltr'><strong>quem</strong></span> <span class='ocrx_word' id='word_1_70' title='bbox 758 951 796 1010; x_wconf 90' lang='lat' dir='ltr'><strong>ad</strong></span> <span class='ocrx_word' id='word_1_71' title='bbox 810 951 926 1010; x_wconf 91' lang='lat' dir='ltr'><strong>modum</strong></span> <span class='ocrx_word' id='word_1_72' title='bbox 940 968 1074 1026; x_wconf 82' lang='lat' dir='ltr'><strong>quaeque</strong></span> <span class='ocrx_word' id='word_1_73' title='bbox 1088 969 1137 1011; x_wconf 84' lang='lat' dir='ltr'><strong>res</strong></span> <span class='ocrx_word' id='word_1_74' title='bbox 1159 970 1210 1012; x_wconf 83' lang='lat' dir='ltr'><strong>cu·</strong></span> 
     </span>
     <span class='ocr_line' id='line_1_9' title="bbox 131 1037 1209 1113; baseline 0.002 -18"><span class='ocrx_word' id='word_1_75' title='bbox 131 1037 241 1095; x_wconf 87' lang='lat' dir='ltr'><strong>dictur.</strong></span> <span class='ocrx_word' id='word_1_76' title='bbox 278 1037 329 1095; x_wconf 90' lang='lat' dir='ltr'><strong>sed</strong></span> <span class='ocrx_word' id='word_1_77' title='bbox 344 1037 420 1095; x_wconf 89' lang='lat' dir='ltr'><strong>nihil</strong></span> <span class='ocrx_word' id='word_1_78' title='bbox 434 1037 573 1096; x_wconf 86' lang='lat' dir='ltr'><strong>vitiosius</strong></span> <span class='ocrx_word' id='word_1_79' title='bbox 587 1053 689 1113; x_wconf 85' lang='lat' dir='ltr'><strong>quem,</strong></span> <span class='ocrx_word' id='word_1_80' title='bbox 713 1053 778 1094; x_wconf 92' lang='lat' dir='ltr'><strong>cum</strong></span> <span class='ocrx_word' id='word_1_81' title='bbox 793 1053 883 1096; x_wconf 87' lang='lat' dir='ltr'><strong>unum</strong></span> <span class='ocrx_word' id='word_1_82' title='bbox 898 1052 1002 1113; x_wconf 90' lang='lat' dir='ltr'><strong>corpus</strong></span> <span class='ocrx_word' id='word_1_83' title='bbox 1025 1038 1131 1097; x_wconf 76' lang='lat' dir='ltr'><strong>debeat</strong></span> <span class='ocrx_word' id='word_1_84' title='bbox 1146 1055 1209 1098; x_wconf 85' lang='lat' dir='ltr'><strong>esse</strong></span> 
     </span>
     <span class='ocr_line' id='line_1_10' title="bbox 131 1121 1208 1197; baseline 0.003 -17"><span class='ocrx_word' id='word_1_85' title='bbox 131 1121 322 1197; x_wconf 85' lang='lat' dir='ltr'><strong>defensionis,</strong></span> <span class='ocrx_word' id='word_1_86' title='bbox 336 1123 419 1181; x_wconf 83' lang='lat' dir='ltr'><strong>uesci</strong></span> <span class='ocrx_word' id='word_1_87' title='bbox 433 1122 470 1180; x_wconf 88' lang='lat' dir='ltr'><strong>de</strong></span> <span class='ocrx_word' id='word_1_88' title='bbox 484 1123 602 1196; x_wconf 84' lang='lat' dir='ltr'><strong>integro</strong></span> <span class='ocrx_word' id='word_1_89' title='bbox 618 1138 744 1197; x_wconf 78' lang='lat' dir='ltr'><strong>oausam,</strong></span> <span class='ocrx_word' id='word_1_90' title='bbox 763 1139 827 1180; x_wconf 93' lang='lat' dir='ltr'><strong>cum</strong></span> <span class='ocrx_word' id='word_1_91' title='bbox 843 1122 883 1180; x_wconf 88' lang='lat' dir='ltr'><strong>sit</strong></span> <span class='ocrx_word' id='word_1_92' title='bbox 898 1123 934 1180; x_wconf 84' lang='lat' dir='ltr'><strong>ab</strong></span> <span class='ocrx_word' id='word_1_93' title='bbox 951 1123 1045 1181; x_wconf 79' lang='lat' dir='ltr'><strong>altero</strong></span> <span class='ocrx_word' id='word_1_94' title='bbox 1059 1128 1208 1196; x_wconf 58' lang='lat' dir='ltr'><strong>perorato„</strong></span> 
     </span>
     <span class='ocr_line' id='line_1_11' title="bbox 130 1207 1261 1282; baseline 0.002 -18"><span class='ocrx_word' id='word_1_95' title='bbox 130 1207 259 1265; x_wconf 92' lang='lat' dir='ltr'><strong>omnium</strong></span> <span class='ocrx_word' id='word_1_96' title='bbox 274 1208 351 1265; x_wconf 92' lang='lat' dir='ltr'><strong>enim</strong></span> <span class='ocrx_word' id='word_1_97' title='bbox 366 1223 521 1266; x_wconf 78' lang='lat' dir='ltr'><strong>causarum</strong></span> <span class='ocrx_word' id='word_1_98' title='bbox 536 1225 626 1266; x_wconf 93' lang='lat' dir='ltr'><strong>unum</strong></span> <span class='ocrx_word' id='word_1_99' title='bbox 643 1212 690 1266; x_wconf 86' lang='lat' dir='ltr'><strong>est</strong></span> <span class='ocrx_word' id='word_1_100' title='bbox 703 1208 842 1266; x_wconf 81' lang='lat' dir='ltr'><strong>naturaie</strong></span> <span class='ocrx_word' id='word_1_101' title='bbox 856 1207 1048 1282; x_wconf 86' lang='lat' dir='ltr'><strong>principium,</strong></span> <span class='ocrx_word' id='word_1_102' title='bbox 1065 1225 1125 1267; x_wconf 84' lang='lat' dir='ltr'><strong>unc</strong></span> <span class='ocrx_word' id='word_1_103' title='bbox 1140 1225 1206 1281; x_wconf 85' lang='lat' dir='ltr'><strong>per·</strong></span> <span class='ocrx_word' id='word_1_104' title='bbox 1216 1215 1261 1266; x_wconf 78' lang='lat'><strong>209</strong></span> 
     </span>
     <span class='ocr_line' id='line_1_12' title="bbox 131 1293 1208 1370; baseline 0.002 -20"><span class='ocrx_word' id='word_1_105' title='bbox 131 1293 244 1366; x_wconf 83' lang='lat' dir='ltr'><strong>oratio;</strong></span> <span class='ocrx_word' id='word_1_106' title='bbox 267 1293 399 1366; x_wconf 80' lang='lat' dir='ltr'><strong>reliquae</strong></span> <span class='ocrx_word' id='word_1_107' title='bbox 420 1299 530 1368; x_wconf 81' lang='lat' dir='ltr'><strong>partes,</strong></span> <span class='ocrx_word' id='word_1_108' title='bbox 554 1294 786 1369; x_wconf 77' lang='lat' dir='ltr'><strong>quasimembra</strong></span> <span class='ocrx_word' id='word_1_109' title='bbox 806 1308 858 1351; x_wconf 89' lang='lat' dir='ltr'><strong>suo</strong></span> <span class='ocrx_word' id='word_1_110' title='bbox 874 1309 1007 1368; x_wconf 83' lang='lat' dir='ltr'><strong>quaeque</strong></span> <span class='ocrx_word' id='word_1_111' title='bbox 1025 1294 1088 1352; x_wconf 92' lang='lat' dir='ltr'><strong>ioco</strong></span> <span class='ocrx_word' id='word_1_112' title='bbox 1102 1294 1208 1370; x_wconf 67' lang='lat' dir='ltr'><strong>locate,</strong></span> 
     </span>
     <span class='ocr_line' id='line_1_13' title="bbox 129 1377 1209 1452; baseline 0.002 -17"><span class='ocrx_word' id='word_1_113' title='bbox 129 1393 214 1436; x_wconf 83' lang='lat' dir='ltr'><strong>suam</strong></span> <span class='ocrx_word' id='word_1_114' title='bbox 236 1383 267 1435; x_wconf 87' lang='lat' dir='ltr'><strong>et</strong></span> <span class='ocrx_word' id='word_1_115' title='bbox 288 1379 348 1436; x_wconf 90' lang='lat' dir='ltr'><strong>vim</strong></span> <span class='ocrx_word' id='word_1_116' title='bbox 370 1384 402 1436; x_wconf 93' lang='lat' dir='ltr'><strong>et</strong></span> <span class='ocrx_word' id='word_1_117' title='bbox 422 1379 601 1452; x_wconf 75' lang='lat' dir='ltr'><strong>dignitatem</strong></span> <span class='ocrx_word' id='word_1_118' title='bbox 622 1385 734 1438; x_wconf 87' lang='lat' dir='ltr'><strong>tenent.</strong></span> <span class='ocrx_word' id='word_1_119' title='bbox 771 1394 836 1436; x_wconf 91' lang='lat' dir='ltr'><strong>cum</strong></span> <span class='ocrx_word' id='word_1_120' title='bbox 857 1382 955 1436; x_wconf 81' lang='lat' dir='ltr'><strong>cutem</strong></span> <span class='ocrx_word' id='word_1_121' title='bbox 978 1377 1099 1436; x_wconf 85' lang='lat' dir='ltr'><strong>difficile</strong></span> <span class='ocrx_word' id='word_1_122' title='bbox 1122 1379 1209 1437; x_wconf 87' lang='lat' dir='ltr'><strong>sitin</strong></span> 
     </span>
     <span class='ocr_line' id='line_1_14' title="bbox 128 1462 1209 1540; baseline 0.002 -20"><span class='ocrx_word' id='word_1_123' title='bbox 128 1463 220 1535; x_wconf 84' lang='lat' dir='ltr'><strong>longe</strong></span> <span class='ocrx_word' id='word_1_124' title='bbox 238 1462 368 1522; x_wconf 77' lang='lat' dir='ltr'><strong>oratione</strong></span> <span class='ocrx_word' id='word_1_125' title='bbox 381 1480 440 1522; x_wconf 92' lang='lat' dir='ltr'><strong>uon</strong></span> <span class='ocrx_word' id='word_1_126' title='bbox 456 1463 615 1540; x_wconf 75' lang='lat' dir='ltr'><strong>aliquando</strong></span> <span class='ocrx_word' id='word_1_127' title='bbox 629 1463 743 1538; x_wconf 80' lang='lat' dir='ltr'><strong>aliquid</strong></span> <span class='ocrx_word' id='word_1_128' title='bbox 757 1462 802 1521; x_wconf 85' lang='lat' dir='ltr'><strong>ito</strong></span> <span class='ocrx_word' id='word_1_129' title='bbox 817 1463 923 1537; x_wconf 79' lang='lat' dir='ltr'><strong>dicere,</strong></span> <span class='ocrx_word' id='word_1_130' title='bbox 946 1467 981 1521; x_wconf 85' lang='lat' dir='ltr'><strong>ut</strong></span> <span class='ocrx_word' id='word_1_131' title='bbox 995 1463 1053 1521; x_wconf 85' lang='lat' dir='ltr'><strong>sibi</strong></span> <span class='ocrx_word' id='word_1_132' title='bbox 1068 1465 1132 1540; x_wconf 88' lang='lat' dir='ltr'><strong>ipse</strong></span> <span class='ocrx_word' id='word_1_133' title='bbox 1149 1481 1209 1522; x_wconf 92' lang='lat' dir='ltr'><strong>non</strong></span> 
     </span>
    </p>
   </div>
   <div class='ocr_carea' id='block_1_4' title="bbox 127 1546 1209 1949">
    <p class='ocr_par' dir='ltr' id='par_1_4' title="bbox 127 1546 1209 1949">
     <span class='ocr_line' id='line_1_15' title="bbox 128 1546 1208 1625; baseline 0.002 -19"><span class='ocrx_word' id='word_1_134' title='bbox 128 1549 294 1624; x_wconf 84' lang='lat' dir='ltr'><strong>conveniet,</strong></span> <span class='ocrx_word' id='word_1_135' title='bbox 308 1556 419 1624; x_wconf 78' lang='lat' dir='ltr'><strong>quanto</strong></span> <span class='ocrx_word' id='word_1_136' title='bbox 435 1549 586 1608; x_wconf 78' lang='lat' dir='ltr'><strong>difficilius</strong></span> <span class='ocrx_word' id='word_1_137' title='bbox 601 1565 715 1624; x_wconf 78' lang='lat' dir='ltr'><strong>cerere,</strong></span> <span class='ocrx_word' id='word_1_138' title='bbox 730 1565 767 1606; x_wconf 92' lang='lat' dir='ltr'><strong>ue</strong></span> <span class='ocrx_word' id='word_1_139' title='bbox 782 1548 853 1623; x_wconf 91' lang='lat' dir='ltr'><strong>quid</strong></span> <span class='ocrx_word' id='word_1_140' title='bbox 869 1549 957 1625; x_wconf 85' lang='lat' dir='ltr'><strong>dicas,</strong></span> <span class='ocrx_word' id='word_1_141' title='bbox 977 1546 1053 1621; x_wconf 87' lang='lat' dir='ltr'><strong>quod</strong></span> <span class='ocrx_word' id='word_1_142' title='bbox 1068 1565 1127 1607; x_wconf 93' lang='lat' dir='ltr'><strong>uon</strong></span> <span class='ocrx_word' id='word_1_143' title='bbox 1142 1566 1208 1608; x_wconf 92' lang='lat' dir='ltr'><strong>con-</strong></span> 
     </span>
     <span class='ocr_line' id='line_1_16' title="bbox 128 1633 1207 1708; baseline 0.001 -16"><span class='ocrx_word' id='word_1_144' title='bbox 128 1634 229 1692; x_wconf 82' lang='lat' dir='ltr'><strong>veniat</strong></span> <span class='ocrx_word' id='word_1_145' title='bbox 243 1634 305 1692; x_wconf 88' lang='lat' dir='ltr'><strong>eius</strong></span> <span class='ocrx_word' id='word_1_146' title='bbox 320 1635 448 1693; x_wconf 84' lang='lat' dir='ltr'><strong>orationi</strong></span> <span class='ocrx_word' id='word_1_147' title='bbox 463 1635 514 1708; x_wconf 88' lang='lat' dir='ltr'><strong>qui</strong></span> <span class='ocrx_word' id='word_1_148' title='bbox 529 1640 598 1693; x_wconf 85' lang='lat' dir='ltr'><strong>ente</strong></span> <span class='ocrx_word' id='word_1_149' title='bbox 613 1641 644 1694; x_wconf 90' lang='lat' dir='ltr'><strong>te</strong></span> <span class='ocrx_word' id='word_1_150' title='bbox 660 1633 791 1692; x_wconf 78' lang='lat' dir='ltr'><strong>dixerit?</strong></span> <span class='ocrx_word' id='word_1_151' title='bbox 822 1633 872 1692; x_wconf 87' lang='lat' dir='ltr'><strong>sed</strong></span> <span class='ocrx_word' id='word_1_152' title='bbox 888 1633 957 1706; x_wconf 79' lang='lat' dir='ltr'><strong>quie</strong></span> <span class='ocrx_word' id='word_1_153' title='bbox 971 1639 1002 1691; x_wconf 89' lang='lat' dir='ltr'><strong>et</strong></span> <span class='ocrx_word' id='word_1_154' title='bbox 1017 1633 1102 1692; x_wconf 83' lang='lat' dir='ltr'><strong>icbor</strong></span> <span class='ocrx_word' id='word_1_155' title='bbox 1117 1636 1207 1693; x_wconf 87' lang='lat' dir='ltr'><strong>multo</strong></span> 
     </span>
     <span class='ocr_line' id='line_1_17' title="bbox 127 1717 1208 1796; baseline 0.002 -20"><span class='ocrx_word' id='word_1_156' title='bbox 127 1719 223 1776; x_wconf 84' lang='lat' dir='ltr'><strong>maior</strong></span> <span class='ocrx_word' id='word_1_157' title='bbox 237 1724 283 1778; x_wconf 90' lang='lat' dir='ltr'><strong>est</strong></span> <span class='ocrx_word' id='word_1_158' title='bbox 297 1723 392 1777; x_wconf 81' lang='lat' dir='ltr'><strong>totum</strong></span> <span class='ocrx_word' id='word_1_159' title='bbox 407 1736 524 1778; x_wconf 81' lang='lat' dir='ltr'><strong>censam</strong></span> <span class='ocrx_word' id='word_1_160' title='bbox 545 1736 633 1795; x_wconf 83' lang='lat' dir='ltr'><strong>quem</strong></span> <span class='ocrx_word' id='word_1_161' title='bbox 649 1727 766 1796; x_wconf 80' lang='lat' dir='ltr'><strong>purtem</strong></span> <span class='ocrx_word' id='word_1_162' title='bbox 781 1717 884 1792; x_wconf 89' lang='lat' dir='ltr'><strong>dicere,</strong></span> <span class='ocrx_word' id='word_1_163' title='bbox 908 1725 939 1777; x_wconf 92' lang='lat' dir='ltr'><strong>et</strong></span> <span class='ocrx_word' id='word_1_164' title='bbox 957 1719 1027 1791; x_wconf 85' lang='lat' dir='ltr'><strong>quic</strong></span> <span class='ocrx_word' id='word_1_165' title='bbox 1040 1720 1142 1793; x_wconf 86' lang='lat' dir='ltr'><strong>plures</strong></span> <span class='ocrx_word' id='word_1_166' title='bbox 1164 1719 1208 1778; x_wconf 91' lang='lat' dir='ltr'><strong>in-</strong></span> 
     </span>
     <span class='ocr_line' id='line_1_18' title="bbox 127 1803 1209 1880; baseline 0.002 -18"><span class='ocrx_word' id='word_1_167' title='bbox 127 1810 239 1862; x_wconf 89' lang='lat' dir='ltr'><strong>euntur</strong></span> <span class='ocrx_word' id='word_1_168' title='bbox 253 1804 380 1880; x_wconf 82' lang='lat' dir='ltr'><strong>gratiae,</strong></span> <span class='ocrx_word' id='word_1_169' title='bbox 402 1805 429 1862; x_wconf 88' lang='lat' dir='ltr'><strong>si</strong></span> <span class='ocrx_word' id='word_1_170' title='bbox 443 1821 500 1863; x_wconf 90' lang='lat' dir='ltr'><strong>uno</strong></span> <span class='ocrx_word' id='word_1_171' title='bbox 516 1809 645 1880; x_wconf 87' lang='lat' dir='ltr'><strong>tempore</strong></span> <span class='ocrx_word' id='word_1_172' title='bbox 670 1803 750 1862; x_wconf 82' lang='lat' dir='ltr'><strong>dicas</strong></span> <span class='ocrx_word' id='word_1_173' title='bbox 772 1820 826 1876; x_wconf 90' lang='lat' dir='ltr'><strong>pro</strong></span> <span class='ocrx_word' id='word_1_174' title='bbox 841 1804 985 1879; x_wconf 86' lang='lat' dir='ltr'><strong>pluribus,</strong></span> <span class='ocrx_word' id='word_1_175' title='bbox 1008 1803 1118 1863; x_wconf 87' lang='lat' dir='ltr'><strong>idcirco</strong></span> <span class='ocrx_word' id='word_1_176' title='bbox 1133 1805 1209 1864; x_wconf 80' lang='lat' dir='ltr'><strong>hanc</strong></span> 
     </span>
     <span class='ocr_line' id='line_1_19' title="bbox 128 1889 716 1949; baseline 0 -2"><span class='ocrx_word' id='word_1_177' title='bbox 128 1889 368 1947; x_wconf 80' lang='lat' dir='ltr'><strong>consuetudinem</strong></span> <span class='ocrx_word' id='word_1_178' title='bbox 391 1890 529 1947; x_wconf 85' lang='lat' dir='ltr'><strong>lubenter</strong></span> <span class='ocrx_word' id='word_1_179' title='bbox 551 1890 716 1949; x_wconf 81' lang='lat' dir='ltr'><strong>ascivimus.</strong></span> 
     </span>
    </p>
   </div>
   <div class='ocr_carea' id='block_1_5' title="bbox 118 2031 1209 4014">
    <p class='ocr_par' dir='ltr' id='par_1_5' title="bbox 118 2031 1209 2990">
     <span class='ocr_line' id='line_1_20' title="bbox 125 2031 1207 2103; baseline 0.003 -18"><span class='ocrx_word' id='word_1_180' title='bbox 125 2031 208 2086; x_wconf 82' lang='lat' dir='ltr'><strong>sucht</strong></span> <span class='ocrx_word' id='word_1_181' title='bbox 225 2033 346 2087; x_wconf 84' lang='lat' dir='ltr'><strong>wurden.</strong></span> <span class='ocrx_word' id='word_1_182' title='bbox 364 2063 399 2072; x_wconf 94' lang='lat'>-</span> <span class='ocrx_word' id='word_1_183' title='bbox 416 2039 571 2102; x_wconf 80' lang='lat' dir='ltr'><strong>uequeiom</strong></span> <span class='ocrx_word' id='word_1_184' title='bbox 589 2047 645 2089; x_wconf 83' lang='lat' dir='ltr'><strong>m:</strong></span> <span class='ocrx_word' id='word_1_185' title='bbox 692 2034 837 2088; x_wconf 77' lang='lat' dir='ltr'><strong>Auedruck</strong></span> <span class='ocrx_word' id='word_1_186' title='bbox 869 2032 1207 2103; x_wconf 77' lang='lat' dir='ltr'><strong>efunden3erve11cngte‚</strong></span> 
     </span>
     <span class='ocr_line' id='line_1_21' title="bbox 125 2096 1209 2182; baseline 0.002 -28"><span class='ocrx_word' id='word_1_187' title='bbox 125 2100 184 2154; x_wconf 93' lang='lat' dir='ltr'><strong>und</strong></span> <span class='ocrx_word' id='word_1_188' title='bbox 210 2096 268 2155; x_wconf 77' lang='lat' dir='ltr'><strong>ures</strong></span> <span class='ocrx_word' id='word_1_189' title='bbox 285 2117 344 2155; x_wconf 83' lang='lat' dir='ltr'><strong>wer</strong></span> <span class='ocrx_word' id='word_1_190' title='bbox 364 2102 491 2182; x_wconf 75' lang='lat' dir='ltr'><strong>migiich,</strong></span> <span class='ocrx_word' id='word_1_191' title='bbox 518 2103 590 2157; x_wconf 90' lang='lat' dir='ltr'><strong>denn</strong></span> <span class='ocrx_word' id='word_1_192' title='bbox 612 2118 641 2157; x_wconf 87' lang='lat' dir='ltr'><strong>es</strong></span> <span class='ocrx_word' id='word_1_193' title='bbox 693 2103 745 2156; x_wconf 82' lang='lat' dir='ltr'><strong>dcfl</strong></span> <span class='ocrx_word' id='word_1_194' title='bbox 771 2102 833 2171; x_wconf 83' lang='lat' dir='ltr'><strong>jede</strong></span> <span class='ocrx_word' id='word_1_195' title='bbox 877 2102 926 2156; x_wconf 91' lang='lat' dir='ltr'><strong>ede</strong></span> <span class='ocrx_word' id='word_1_196' title='bbox 951 2101 1049 2156; x_wconf 86' lang='lat' dir='ltr'><strong>immor</strong></span> <span class='ocrx_word' id='word_1_197' title='bbox 1076 2102 1121 2155; x_wconf 88' lang='lat' dir='ltr'><strong>dic</strong></span> <span class='ocrx_word' id='word_1_198' title='bbox 1148 2102 1209 2156; x_wconf 86' lang='lat' dir='ltr'><strong>vier</strong></span> 
     </span>
     <span class='ocr_line' id='line_1_22' title="bbox 125 2167 1207 2239; baseline 0.002 -19"><span class='ocrx_word' id='word_1_199' title='bbox 125 2168 230 2221; x_wconf 81' lang='lat' dir='ltr'><strong>fenden</strong></span> <span class='ocrx_word' id='word_1_200' title='bbox 259 2169 363 2223; x_wconf 75' lang='lat' dir='ltr'><strong>demtis</strong></span> <span class='ocrx_word' id='word_1_201' title='bbox 398 2171 476 2226; x_wconf 88' lang='lat' dir='ltr'><strong>mcht</strong></span> <span class='ocrx_word' id='word_1_202' title='bbox 510 2187 539 2226; x_wconf 90' lang='lat' dir='ltr'><strong>so</strong></span> <span class='ocrx_word' id='word_1_203' title='bbox 569 2171 640 2226; x_wconf 85' lang='lat' dir='ltr'><strong>viele</strong></span> <span class='ocrx_word' id='word_1_204' title='bbox 693 2169 770 2225; x_wconf 85' lang='lat' dir='ltr'><strong>Teiie</strong></span> <span class='ocrx_word' id='word_1_205' title='bbox 794 2171 964 2239; x_wconf 72' lang='grc' dir='ltr'><strong>(προοίμιον,</strong></span> <span class='ocrx_word' id='word_1_206' title='bbox 991 2167 1120 2239; x_wconf 67' lang='grc' dir='ltr'><strong>διήγησις,</strong></span> <span class='ocrx_word' id='word_1_207' title='bbox 1139 2173 1207 2222; x_wconf 73' lang='grc' dir='ltr'><em>ἀπό-</em></span> 
     </span>
     <span class='ocr_line' id='line_1_23' title="bbox 125 2236 1208 2306; baseline 0.006 -20"><span class='ocrx_word' id='word_1_208' title='bbox 125 2236 257 2290; x_wconf 83' lang='lat' dir='ltr'><strong>Prozesso</strong></span> <span class='ocrx_word' id='word_1_209' title='bbox 284 2243 362 2293; x_wconf 73' lang='lat' dir='ltr'><strong>stati.</strong></span> <span class='ocrx_word' id='word_1_210' title='bbox 388 2238 472 2293; x_wconf 73' lang='lat' dir='ltr'><strong>=0der</strong></span> <span class='ocrx_word' id='word_1_211' title='bbox 498 2255 526 2294; x_wconf 82' lang='lat' dir='ltr'><strong>es</strong></span> <span class='ocrx_word' id='word_1_212' title='bbox 552 2239 590 2294; x_wconf 78' lang='lat' dir='ltr'><strong>ist</strong></span> <span class='ocrx_word' id='word_1_213' title='bbox 612 2267 640 2286; x_wconf 54' lang='grc' dir='ltr'><strong>ε</strong></span> <span class='ocrx_word' id='word_1_214' title='bbox 694 2237 784 2303; x_wconf 58' lang='lat' dir='ltr'><strong>draken,</strong></span> <span class='ocrx_word' id='word_1_215' title='bbox 802 2236 979 2306; x_wconf 68' lang='lat' dir='ltr'><strong>inlioyociin</strong></span> <span class='ocrx_word' id='word_1_216' title='bbox 992 2237 1133 2292; x_wconf 80' lang='lat' dir='ltr'><strong>derselben</strong></span> <span class='ocrx_word' id='word_1_217' title='bbox 1144 2238 1208 2292; x_wconf 85' lang='lat' dir='ltr'><strong>Rei-</strong></span> 
     </span>
     <span class='ocr_line' id='line_1_24' title="bbox 122 2305 1208 2445; baseline 0.002 -19"><span class='ocrx_word' id='word_1_218' title='bbox 122 2321 214 2426; x_wconf 74' lang='lat' dir='ltr'><strong>uu</strong></span> <span class='ocrx_word' id='word_1_219' title='bbox 239 2309 423 2445; x_wconf 69' lang='lat' dir='ltr'><strong>modi·</strong></span> <span class='ocrx_word' id='word_1_220' title='bbox 444 2338 489 2431; x_wconf 62' lang='grc' dir='ltr'><strong>ιι</strong></span> <span class='ocrx_word' id='word_1_221' title='bbox 507 2308 641 2431; x_wconf 61' lang='lat' dir='ltr'><strong>etue</strong></span> <span class='ocrx_word' id='word_1_222' title='bbox 692 2305 913 2430; x_wconf 59' lang='lat' dir='ltr'><strong>iidigiiii</strong></span> <span class='ocrx_word' id='word_1_223' title='bbox 936 2306 1208 2430; x_wconf 55' lang='lat' dir='ltr'><strong>”iuditii</strong></span> 
     </span>
     <span class='ocr_line' id='line_1_25' title="bbox 124 2419 1208 2514; baseline 0.001 -20"><span class='ocrx_word' id='word_1_224' title='bbox 124 2442 278 2511; x_wconf 71' lang='lat' dir='ltr'><strong>sciderunt</strong></span> <span class='ocrx_word' id='word_1_225' title='bbox 298 2444 436 2498; x_wconf 78' lang='lat' dir='ltr'><strong>Scaurum</strong></span> <span class='ocrx_word' id='word_1_226' title='bbox 457 2419 638 2514; x_wconf 64' lang='lat' dir='ltr'><strong>oicpcirorei,</strong></span> <span class='ocrx_word' id='word_1_227' title='bbox 692 2443 771 2499; x_wconf 86' lang='lat' dir='ltr'><strong>XXV</strong></span> <span class='ocrx_word' id='word_1_228' title='bbox 800 2447 842 2497; x_wconf 86' lang='grc'><strong>36.</strong></span> <span class='ocrx_word' id='word_1_229' title='bbox 870 2473 905 2482; x_wconf 93' lang='grc'><strong>-</strong></span> <span class='ocrx_word' id='word_1_230' title='bbox 928 2444 1111 2512; x_wconf 67' lang='lat' dir='ltr'><strong>principium,</strong></span> <span class='ocrx_word' id='word_1_231' title='bbox 1142 2463 1208 2510; x_wconf 82' lang='grc' dir='ltr'><strong><em>προ·</em></strong></span> 
     </span>
     <span class='ocr_line' id='line_1_26' title="bbox 125 2511 1209 2582; baseline 0.004 -20"><span class='ocrx_word' id='word_1_232' title='bbox 125 2526 190 2563; x_wconf 91' lang='lat' dir='ltr'><strong>cum</strong></span> <span class='ocrx_word' id='word_1_233' title='bbox 206 2511 282 2566; x_wconf 79' lang='lat' dir='ltr'><strong>adid</strong></span> <span class='ocrx_word' id='word_1_234' title='bbox 295 2515 404 2581; x_wconf 78' lang='lat' dir='ltr'><strong>tempus</strong></span> <span class='ocrx_word' id='word_1_235' title='bbox 417 2530 482 2568; x_wconf 87' lang='lat' dir='ltr'><strong>roro</strong></span> <span class='ocrx_word' id='word_1_236' title='bbox 493 2515 638 2582; x_wconf 79' lang='lat' dir='ltr'><strong>quicquum</strong></span> <span class='ocrx_word' id='word_1_237' title='bbox 693 2519 798 2580; x_wconf 77' lang='grc' dir='ltr'><strong>οίμιον,</strong></span> <span class='ocrx_word' id='word_1_238' title='bbox 821 2511 993 2582; x_wconf 80' lang='lat' dir='ltr'><strong>Einleitung.</strong></span> <span class='ocrx_word' id='word_1_239' title='bbox 1018 2542 1053 2551; x_wconf 89' lang='lat'>-</span> <span class='ocrx_word' id='word_1_240' title='bbox 1068 2513 1135 2581; x_wconf 58' lang='lat' dir='ltr'><strong>ipse,</strong></span> <span class='ocrx_word' id='word_1_241' title='bbox 1160 2512 1209 2580; x_wconf 88' lang='lat' dir='ltr'><strong>qui</strong></span> 
     </span>
     <span class='ocr_line' id='line_1_27' title="bbox 119 2577 1206 2650; baseline 0.003 -19"><span class='ocrx_word' id='word_1_242' title='bbox 119 2577 252 2646; x_wconf 73' lang='lat' dir='ltr'><strong>plurime</strong></span> <span class='ocrx_word' id='word_1_243' title='bbox 264 2597 347 2648; x_wconf 81' lang='lat' dir='ltr'><strong>quom</strong></span> <span class='ocrx_word' id='word_1_244' title='bbox 358 2585 490 2648; x_wconf 79' lang='lat' dir='ltr'><strong>quattuor</strong></span> <span class='ocrx_word' id='word_1_245' title='bbox 501 2586 638 2649; x_wconf 78' lang='lat' dir='ltr'><strong>uteretur3</strong></span> <span class='ocrx_word' id='word_1_246' title='bbox 693 2581 768 2647; x_wconf 84' lang='lat' dir='ltr'><strong>dicit,</strong></span> <span class='ocrx_word' id='word_1_247' title='bbox 798 2595 849 2635; x_wconf 86' lang='lat' dir='ltr'><strong>cus</strong></span> <span class='ocrx_word' id='word_1_248' title='bbox 878 2581 966 2635; x_wconf 82' lang='lat' dir='ltr'><strong>dicere</strong></span> <span class='ocrx_word' id='word_1_249' title='bbox 995 2597 1030 2635; x_wconf 83' lang='lat' dir='ltr'><strong>tu</strong></span> <span class='ocrx_word' id='word_1_250' title='bbox 1061 2586 1206 2650; x_wconf 78' lang='lat' dir='ltr'><strong>ergdncen.</strong></span> 
     </span>
     <span class='ocr_line' id='line_1_28' title="bbox 123 2649 1207 2721; baseline 0.003 -21"><span class='ocrx_word' id='word_1_251' title='bbox 123 2649 235 2714; x_wconf 81' lang='lat' dir='ltr'><strong>etpost</strong></span> <span class='ocrx_word' id='word_1_252' title='bbox 259 2649 329 2703; x_wconf 81' lang='lat' dir='ltr'><strong>bello</strong></span> <span class='ocrx_word' id='word_1_253' title='bbox 354 2649 446 2704; x_wconf 85' lang='lat' dir='ltr'><strong>civilia</strong></span> <span class='ocrx_word' id='word_1_254' title='bbox 467 2655 532 2705; x_wconf 82' lang='lat' dir='ltr'><strong>cute</strong></span> <span class='ocrx_word' id='word_1_255' title='bbox 555 2651 640 2721; x_wconf 64' lang='lat' dir='ltr'><strong>leuem</strong></span> <span class='ocrx_word' id='word_1_256' title='bbox 692 2650 773 2704; x_wconf 81' lang='lat' dir='ltr'><strong>Tusc.</strong></span> <span class='ocrx_word' id='word_1_257' title='bbox 791 2649 832 2705; x_wconf 92' lang='lat' dir='ltr'><strong>IV</strong></span> <span class='ocrx_word' id='word_1_258' title='bbox 845 2653 876 2704; x_wconf 78' lang='lat'><strong>17</strong></span> <span class='ocrx_word' id='word_1_259' title='bbox 895 2653 936 2704; x_wconf 83' lang='lat' dir='ltr'><strong>esi</strong></span> <span class='ocrx_word' id='word_1_260' title='bbox 952 2649 1102 2705; x_wconf 76' lang='lat' dir='ltr'><strong>aemulatio</strong></span> <span class='ocrx_word' id='word_1_261' title='bbox 1119 2666 1137 2703; x_wconf 85' lang='lat' dir='ltr'><strong><em>a</em></strong></span> <span class='ocrx_word' id='word_1_262' title='bbox 1170 2649 1207 2703; x_wconf 84' lang='lat' dir='ltr'><strong>ri-</strong></span> 
     </span>
     <span class='ocr_line' id='line_1_29' title="bbox 124 2714 1208 2787; baseline 0.001 -18"><span class='ocrx_word' id='word_1_263' title='bbox 124 2714 232 2769; x_wconf 89' lang='lat' dir='ltr'><strong>Iulicm</strong></span> <span class='ocrx_word' id='word_1_264' title='bbox 248 2717 286 2770; x_wconf 82' lang='lat' dir='ltr'><strong>ad</strong></span> <span class='ocrx_word' id='word_1_265' title='bbox 302 2718 441 2772; x_wconf 79' lang='lat' dir='ltr'><strong>duodenos</strong></span> <span class='ocrx_word' id='word_1_266' title='bbox 452 2722 588 2787; x_wconf 75' lang='lat' dir='ltr'><strong>patronos</strong></span> <span class='ocrx_word' id='word_1_267' title='bbox 599 2723 641 2774; x_wconf 83' lang='lat' dir='ltr'><strong>eoi</strong></span> <span class='ocrx_word' id='word_1_268' title='bbox 693 2719 766 2785; x_wconf 82' lang='lat' dir='ltr'><strong>iudo,</strong></span> <span class='ocrx_word' id='word_1_269' title='bbox 785 2719 811 2772; x_wconf 84' lang='lat' dir='ltr'><strong>si</strong></span> <span class='ocrx_word' id='word_1_270' title='bbox 822 2735 851 2774; x_wconf 86' lang='lat' dir='ltr'><strong>eo</strong></span> <span class='ocrx_word' id='word_1_271' title='bbox 862 2719 934 2786; x_wconf 78' lang='lat' dir='ltr'><strong>quod</strong></span> <span class='ocrx_word' id='word_1_272' title='bbox 945 2718 1115 2786; x_wconf 76' lang='lat' dir='ltr'><strong>concupierit</strong></span> <span class='ocrx_word' id='word_1_273' title='bbox 1134 2735 1152 2770; x_wconf 89' lang='lat' dir='ltr'><strong>c</strong></span> <span class='ocrx_word' id='word_1_274' title='bbox 1163 2718 1208 2771; x_wconf 84' lang='lat' dir='ltr'><strong>iue</strong></span> 
     </span>
     <span class='ocr_line' id='line_1_30' title="bbox 118 2785 1208 2855; baseline 0.003 -19"><span class='ocrx_word' id='word_1_275' title='bbox 118 2786 292 2852; x_wconf 76' lang='lat' dir='ltr'><strong>peremtum.</strong></span> <span class='ocrx_word' id='word_1_276' title='bbox 320 2815 354 2824; x_wconf 94' lang='lat'>-</span> <span class='ocrx_word' id='word_1_277' title='bbox 380 2786 452 2854; x_wconf 78' lang='lat' dir='ltr'><strong>(quo)</strong></span> <span class='ocrx_word' id='word_1_278' title='bbox 481 2787 554 2842; x_wconf 82' lang='lat' dir='ltr'><strong>uiiii</strong></span> <span class='ocrx_word' id='word_1_279' title='bbox 580 2790 640 2851; x_wconf 79' lang='lat' dir='ltr'><strong>(est)</strong></span> <span class='ocrx_word' id='word_1_280' title='bbox 690 2787 824 2855; x_wconf 71' lang='lat' dir='ltr'><strong>potietur,</strong></span> <span class='ocrx_word' id='word_1_281' title='bbox 842 2788 855 2841; x_wconf 87' lang='lat' dir='ltr'><strong>i</strong></span> <span class='ocrx_word' id='word_1_282' title='bbox 873 2803 902 2841; x_wconf 84' lang='lat' dir='ltr'><strong>se</strong></span> <span class='ocrx_word' id='word_1_283' title='bbox 917 2789 1010 2840; x_wconf 83' lang='lat' dir='ltr'><strong>cureat</strong></span> <span class='ocrx_word' id='word_1_284' title='bbox 1033 2795 1078 2850; x_wconf 76' lang='lat' dir='ltr'><strong>(sc.</strong></span> <span class='ocrx_word' id='word_1_285' title='bbox 1098 2785 1145 2853; x_wconf 83' lang='lat' dir='ltr'><strong>qui</strong></span> <span class='ocrx_word' id='word_1_286' title='bbox 1163 2800 1208 2839; x_wconf 82' lang='lat' dir='ltr'><strong>se-</strong></span> 
     </span>
     <span class='ocr_line' id='line_1_31' title="bbox 124 2851 1208 2917; baseline 0 -11"><span class='ocrx_word' id='word_1_287' title='bbox 124 2851 251 2906; x_wconf 84' lang='lat' dir='ltr'><strong>oiiiosius</strong></span> <span class='ocrx_word' id='word_1_288' title='bbox 268 2852 427 2908; x_wconf 87' lang='lat' dir='ltr'><strong>wiederholt</strong></span> <span class='ocrx_word' id='word_1_289' title='bbox 448 2855 639 2909; x_wconf 73' lang='lat' dir='ltr'><strong>sichiZeilen</strong></span> <span class='ocrx_word' id='word_1_290' title='bbox 691 2855 830 2917; x_wconf 82' lang='lat' dir='ltr'><strong>mulctum).</strong></span> <span class='ocrx_word' id='word_1_291' title='bbox 879 2855 929 2908; x_wconf 80' lang='lat' dir='ltr'><strong>eei</strong></span> <span class='ocrx_word' id='word_1_292' title='bbox 949 2858 981 2908; x_wconf 86' lang='grc'><strong>69</strong></span> <span class='ocrx_word' id='word_1_293' title='bbox 990 2870 1025 2907; x_wconf 90' lang='lat' dir='ltr'><strong>m.</strong></span> <span class='ocrx_word' id='word_1_294' title='bbox 1046 2855 1088 2907; x_wconf 83' lang='lat' dir='ltr'><strong>iic</strong></span> <span class='ocrx_word' id='word_1_295' title='bbox 1113 2870 1208 2907; x_wconf 87' lang='lat' dir='ltr'><strong>amore</strong></span> 
     </span>
     <span class='ocr_line' id='line_1_32' title="bbox 124 2921 1208 2990; baseline 0.003 -17"><span class='ocrx_word' id='word_1_296' title='bbox 124 2922 429 2988; x_wconf 76' lang='lat' dir='ltr'><strong>sptter208;zu127.</strong></span> <span class='ocrx_word' id='word_1_297' title='bbox 692 2925 822 2990; x_wconf 75' lang='lat' dir='ltr'><strong>oportere,</strong></span> <span class='ocrx_word' id='word_1_298' title='bbox 852 2926 886 2976; x_wconf 85' lang='lat' dir='ltr'><strong>ut</strong></span> <span class='ocrx_word' id='word_1_299' title='bbox 913 2923 939 2976; x_wconf 84' lang='lat' dir='ltr'><strong>si</strong></span> <span class='ocrx_word' id='word_1_300' title='bbox 963 2921 1113 2988; x_wconf 64' lang='lat' dir='ltr'><strong>circuendo</strong></span> <span class='ocrx_word' id='word_1_301' title='bbox 1140 2925 1208 2976; x_wconf 82' lang='lat' dir='ltr'><strong>esset</strong></span> 
     </span>
    </p>

    <p class='ocr_par' dir='ltr' id='par_1_6' title="bbox 121 2989 1209 3740">
     <span class='ocr_line' id='line_1_33' title="bbox 161 2989 1209 3057; baseline 0.004 -18"><span class='ocrx_word' id='word_1_302' title='bbox 161 2990 220 3040; x_wconf 82' lang='lat'>208.</span> <span class='ocrx_word' id='word_1_303' title='bbox 249 3005 380 3044; x_wconf 68' lang='lat' dir='ltr'><strong>maxume</strong></span> <span class='ocrx_word' id='word_1_304' title='bbox 415 2989 571 3057; x_wconf 85' lang='lat' dir='ltr'><strong>Superictiv</strong></span> <span class='ocrx_word' id='word_1_305' title='bbox 605 3007 640 3044; x_wconf 80' lang='lat' dir='ltr'><strong>zu</strong></span> <span class='ocrx_word' id='word_1_306' title='bbox 692 3005 799 3044; x_wconf 76' lang='lat' dir='ltr'><strong>esurus</strong></span> <span class='ocrx_word' id='word_1_307' title='bbox 835 2989 904 3043; x_wconf 84' lang='lat' dir='ltr'><strong>Oeis.</strong></span> <span class='ocrx_word' id='word_1_308' title='bbox 922 2991 968 3042; x_wconf 84' lang='lat'><strong>16</strong></span> <span class='ocrx_word' id='word_1_309' title='bbox 995 2990 1021 3043; x_wconf 84' lang='lat' dir='ltr'><strong>si</strong></span> <span class='ocrx_word' id='word_1_310' title='bbox 1046 2989 1136 3043; x_wconf 84' lang='lat' dir='ltr'><strong>mulso</strong></span> <span class='ocrx_word' id='word_1_311' title='bbox 1163 2990 1209 3043; x_wconf 84' lang='lat' dir='ltr'><strong>uti</strong></span> 
     </span>
     <span class='ocr_line' id='line_1_34' title="bbox 124 3055 1208 3128; baseline 0.003 -19"><span class='ocrx_word' id='word_1_312' title='bbox 124 3055 573 3126; x_wconf 74' lang='lat' dir='ltr'><strong>mmyuiiuierest;Eli·Seyifert§</strong></span> <span class='ocrx_word' id='word_1_313' title='bbox 585 3063 639 3128; x_wconf 84' lang='grc'>154,</span> <span class='ocrx_word' id='word_1_314' title='bbox 692 3057 769 3126; x_wconf 80' lang='lat' dir='ltr'><strong>colei,</strong></span> <span class='ocrx_word' id='word_1_315' title='bbox 788 3057 818 3110; x_wconf 87' lang='lat' dir='ltr'><strong>id</strong></span> <span class='ocrx_word' id='word_1_316' title='bbox 836 3073 870 3110; x_wconf 83' lang='lat' dir='ltr'><strong>ere</strong></span> <span class='ocrx_word' id='word_1_317' title='bbox 886 3058 992 3112; x_wconf 81' lang='lat' dir='ltr'><strong>decocto</strong></span> <span class='ocrx_word' id='word_1_318' title='bbox 1008 3057 1089 3111; x_wconf 88' lang='lat' dir='ltr'><strong>melle</strong></span> <span class='ocrx_word' id='word_1_319' title='bbox 1105 3057 1208 3126; x_wconf 81' lang='lat' dir='ltr'><strong>faciem·</strong></span> 
     </span>
     <span class='ocr_line' id='line_1_35' title="bbox 125 3121 1206 3192; baseline 0 -14"><span class='ocrx_word' id='word_1_320' title='bbox 125 3125 180 3179; x_wconf 82' lang='lat' dir='ltr'><strong>2E.</strong></span> <span class='ocrx_word' id='word_1_321' title='bbox 199 3153 233 3163; x_wconf 91' lang='lat'><strong>-—</strong></span> <span class='ocrx_word' id='word_1_322' title='bbox 249 3127 477 3192; x_wconf 80' lang='lat' dir='ltr'><strong>quemadmodum</strong></span> <span class='ocrx_word' id='word_1_323' title='bbox 492 3121 555 3180; x_wconf 79' lang='lat' dir='ltr'><strong>‘mit</strong></span> <span class='ocrx_word' id='word_1_324' title='bbox 575 3126 640 3180; x_wconf 84' lang='lat' dir='ltr'><strong>wel·</strong></span> <span class='ocrx_word' id='word_1_325' title='bbox 692 3127 760 3179; x_wconf 84' lang='lat' dir='ltr'><strong>deun</strong></span> <span class='ocrx_word' id='word_1_326' title='bbox 779 3128 827 3179; x_wconf 82' lang='lat' dir='ltr'><strong>eoi.</strong></span> <span class='ocrx_word' id='word_1_327' title='bbox 863 3125 961 3179; x_wconf 83' lang='lat' dir='ltr'><strong>Miiller</strong></span> <span class='ocrx_word' id='word_1_328' title='bbox 972 3125 1049 3179; x_wconf 89' lang='lat' dir='ltr'><strong>Nom.</strong></span> <span class='ocrx_word' id='word_1_329' title='bbox 1065 3141 1093 3179; x_wconf 93' lang='lat' dir='ltr'><strong>u.</strong></span> <span class='ocrx_word' id='word_1_330' title='bbox 1105 3126 1168 3180; x_wconf 77' lang='lat' dir='ltr'><strong>Ace.</strong></span> <span class='ocrx_word' id='word_1_331' title='bbox 1183 3129 1206 3178; x_wconf 90' lang='lat'><strong>1.</strong></span> 
     </span>
     <span class='ocr_line' id='line_1_36' title="bbox 127 3192 1206 3263; baseline 0 -16"><span class='ocrx_word' id='word_1_332' title='bbox 127 3193 192 3247; x_wconf 90' lang='lat' dir='ltr'><strong>cher</strong></span> <span class='ocrx_word' id='word_1_333' title='bbox 208 3192 435 3263; x_wconf 86' lang='lat' dir='ltr'><strong>Bestimmtheit’;</strong></span> <span class='ocrx_word' id='word_1_334' title='bbox 458 3210 493 3248; x_wconf 80' lang='lat' dir='ltr'><strong>ru</strong></span> <span class='ocrx_word' id='word_1_335' title='bbox 510 3197 642 3248; x_wconf 79' lang='lat' dir='ltr'><strong>coerceret</strong></span> <span class='ocrx_word' id='word_1_336' title='bbox 692 3193 800 3248; x_wconf 78' lang='lat' dir='ltr'><strong>Ebenso</strong></span> <span class='ocrx_word' id='word_1_337' title='bbox 834 3192 999 3262; x_wconf 78' lang='lat' dir='ltr'><strong>griechisch:</strong></span> <span class='ocrx_word' id='word_1_338' title='bbox 1035 3192 1135 3248; x_wconf 83' lang='lat' dir='ltr'><strong>Kcibel</strong></span> <span class='ocrx_word' id='word_1_339' title='bbox 1171 3210 1206 3247; x_wconf 83' lang='lat' dir='ltr'><strong>zu</strong></span> 
     </span>
     <span class='ocr_line' id='line_1_37' title="bbox 126 3261 1204 3341; baseline 0.001 -26"><span class='ocrx_word' id='word_1_340' title='bbox 126 3261 184 3341; x_wconf 75' lang='lat' dir='ltr'>vgl.</span> <span class='ocrx_word' id='word_1_341' title='bbox 203 3261 279 3316; x_wconf 84' lang='lat' dir='ltr'><strong>verr.</strong></span> <span class='ocrx_word' id='word_1_342' title='bbox 297 3261 327 3316; x_wconf 91' lang='lat'><strong>11</strong></span> <span class='ocrx_word' id='word_1_343' title='bbox 345 3266 377 3316; x_wconf 81' lang='lat'><strong>26</strong></span> <span class='ocrx_word' id='word_1_344' title='bbox 395 3279 465 3331; x_wconf 79' lang='lat' dir='ltr'><strong>quoe</strong></span> <span class='ocrx_word' id='word_1_345' title='bbox 481 3263 640 3332; x_wconf 72' lang='lat' dir='ltr'><strong>miodefeu·</strong></span> <span class='ocrx_word' id='word_1_346' title='bbox 692 3262 772 3329; x_wconf 81' lang='lat' dir='ltr'><strong>Sopin</strong></span> <span class='ocrx_word' id='word_1_347' title='bbox 801 3261 843 3315; x_wconf 82' lang='lat' dir='ltr'><strong>idi.</strong></span> <span class='ocrx_word' id='word_1_348' title='bbox 873 3264 923 3314; x_wconf 88' lang='grc'><strong>696</strong></span> <span class='ocrx_word' id='word_1_349' title='bbox 949 3261 1015 3315; x_wconf 83' lang='lat' dir='ltr'><strong>Eur.</strong></span> <span class='ocrx_word' id='word_1_350' title='bbox 1044 3262 1128 3315; x_wconf 84' lang='lat' dir='ltr'><strong>Andr.</strong></span> <span class='ocrx_word' id='word_1_351' title='bbox 1155 3265 1204 3317; x_wconf 77' lang='lat'><strong>422</strong></span> 
     </span>
     <span class='ocr_line' id='line_1_38' title="bbox 125 3329 1205 3398; baseline 0 -14"><span class='ocrx_word' id='word_1_352' title='bbox 125 3345 167 3384; x_wconf 85' lang='lat' dir='ltr'><strong>seo</strong></span> <span class='ocrx_word' id='word_1_353' title='bbox 197 3333 257 3384; x_wconf 80' lang='lat' dir='ltr'><strong>esi?</strong></span> <span class='ocrx_word' id='word_1_354' title='bbox 286 3335 383 3385; x_wconf 82' lang='lat' dir='ltr'><strong>uirum</strong></span> <span class='ocrx_word' id='word_1_355' title='bbox 409 3332 586 3386; x_wconf 79' lang='lat' dir='ltr'><strong>cdoeoerotur</strong></span> <span class='ocrx_word' id='word_1_356' title='bbox 608 3331 640 3385; x_wconf 85' lang='lat' dir='ltr'><strong>iu</strong></span> <span class='ocrx_word' id='word_1_357' title='bbox 691 3331 758 3385; x_wconf 88' lang='lat' dir='ltr'><strong>Hoc.</strong></span> <span class='ocrx_word' id='word_1_358' title='bbox 787 3332 861 3384; x_wconf 83' lang='lat'>1189.</span> <span class='ocrx_word' id='word_1_359' title='bbox 899 3329 957 3397; x_wconf 85' lang='lat' dir='ltr'>lph.</span> <span class='ocrx_word' id='word_1_360' title='bbox 982 3329 1014 3383; x_wconf 79' lang='grc' dir='ltr'><strong>Τ.</strong></span> <span class='ocrx_word' id='word_1_361' title='bbox 1039 3334 1089 3382; x_wconf 78' lang='lat' dir='ltr'><strong>om</strong></span> <span class='ocrx_word' id='word_1_362' title='bbox 1113 3329 1205 3398; x_wconf 79' lang='lat' dir='ltr'><strong>suppl.</strong></span> 
     </span>
     <span class='ocr_line' id='line_1_39' title="bbox 125 3396 1206 3467; baseline -0.001 -15"><span class='ocrx_word' id='word_1_363' title='bbox 125 3397 175 3452; x_wconf 78' lang='lat' dir='ltr'><strong>icc</strong></span> <span class='ocrx_word' id='word_1_364' title='bbox 196 3415 234 3452; x_wconf 90' lang='lat' dir='ltr'><strong>cu</strong></span> <span class='ocrx_word' id='word_1_365' title='bbox 257 3402 311 3453; x_wconf 86' lang='lat' dir='ltr'><strong>tem</strong></span> <span class='ocrx_word' id='word_1_366' title='bbox 331 3403 427 3454; x_wconf 77' lang='lat' dir='ltr'><strong>icturi</strong></span> <span class='ocrx_word' id='word_1_367' title='bbox 448 3430 483 3439; x_wconf 98' lang='lat'><em>-</em></span> <span class='ocrx_word' id='word_1_368' title='bbox 499 3401 640 3467; x_wconf 85' lang='lat' dir='ltr'><strong>audietur,</strong></span> <span class='ocrx_word' id='word_1_369' title='bbox 692 3403 751 3453; x_wconf 84' lang='grc'>461.</span> <span class='ocrx_word' id='word_1_370' title='bbox 770 3397 910 3466; x_wconf 81' lang='lat' dir='ltr'><strong>-piureo</strong></span> <span class='ocrx_word' id='word_1_371' title='bbox 920 3398 1035 3467; x_wconf 68' lang='lat' dir='ltr'><strong>oratioe,</strong></span> <span class='ocrx_word' id='word_1_372' title='bbox 1054 3396 1145 3452; x_wconf 81' lang='lat' dir='ltr'><strong>(iuuet</strong></span> <span class='ocrx_word' id='word_1_373' title='bbox 1161 3397 1206 3452; x_wconf 91' lang='lat' dir='ltr'><strong>bei</strong></span> 
     </span>
     <span class='ocr_line' id='line_1_40' title="bbox 126 3417 1207 3546; baseline 0.001 -27"><span class='ocrx_word' id='word_1_374' title='bbox 126 3465 162 3520; x_wconf 81' lang='lat' dir='ltr'><strong>ub</strong></span> <span class='ocrx_word' id='word_1_375' title='bbox 180 3417 355 3522; x_wconf 53' lang='lat' dir='ltr'><strong>audientiius</strong></span> <span class='ocrx_word' id='word_1_376' title='bbox 367 3467 526 3537; x_wconf 74' lang='lat' dir='ltr'><strong>accipiatur.</strong></span> <span class='ocrx_word' id='word_1_377' title='bbox 539 3499 573 3507; x_wconf 90' lang='lat'>—</span> <span class='ocrx_word' id='word_1_378' title='bbox 584 3485 641 3523; x_wconf 88' lang='lat' dir='ltr'><strong>ccr-</strong></span> <span class='ocrx_word' id='word_1_379' title='bbox 693 3468 842 3522; x_wconf 86' lang='lat' dir='ltr'><strong>mehreren.</strong></span> <span class='ocrx_word' id='word_1_380' title='bbox 861 3465 958 3546; x_wconf 76' lang='lat' dir='ltr'><strong>deod.</strong></span> <span class='ocrx_word' id='word_1_381' title='bbox 977 3465 1005 3519; x_wconf 91' lang='lat'><strong>11</strong></span> <span class='ocrx_word' id='word_1_382' title='bbox 1023 3470 1053 3520; x_wconf 81' lang='lat' dir='ltr'><strong>tl</strong></span> <span class='ocrx_word' id='word_1_383' title='bbox 1076 3483 1207 3520; x_wconf 78' lang='lat' dir='ltr'><strong>umrcuure</strong></span> 
     </span>
     <span class='ocr_line' id='line_1_41' title="bbox 121 3534 1205 3606; baseline 0.002 -18"><span class='ocrx_word' id='word_1_384' title='bbox 121 3551 180 3603; x_wconf 76' lang='lat' dir='ltr'><strong>pus</strong></span> <span class='ocrx_word' id='word_1_385' title='bbox 197 3535 235 3588; x_wconf 89' lang='lat' dir='ltr'><strong>im</strong></span> <span class='ocrx_word' id='word_1_386' title='bbox 254 3534 294 3589; x_wconf 84' lang='lat' dir='ltr'><strong>Ge</strong></span> <span class='ocrx_word' id='word_1_387' title='bbox 315 3542 410 3591; x_wconf 81' lang='lat' dir='ltr'><strong>ensctz</strong></span> <span class='ocrx_word' id='word_1_388' title='bbox 447 3537 572 3606; x_wconf 85' lang='lat' dir='ltr'><strong>egendie</strong></span> <span class='ocrx_word' id='word_1_389' title='bbox 585 3537 641 3592; x_wconf 88' lang='lat' dir='ltr'><strong>ein·</strong></span> <span class='ocrx_word' id='word_1_390' title='bbox 693 3539 721 3590; x_wconf 83' lang='lat' dir='ltr'><strong>ei</strong></span> <span class='ocrx_word' id='word_1_391' title='bbox 737 3535 827 3605; x_wconf 74' lang='lat' dir='ltr'><strong>oloric</strong></span> <span class='ocrx_word' id='word_1_392' title='bbox 838 3535 1099 3603; x_wconf 75' lang='lat' dir='ltr'><strong>pumturetyrctic</strong></span> <span class='ocrx_word' id='word_1_393' title='bbox 1112 3535 1205 3604; x_wconf 75' lang='lat' dir='ltr'><strong>defen·</strong></span> 
     </span>
     <span class='ocr_line' id='line_1_42' title="bbox 127 3552 1206 3685; baseline 0.001 -29"><span class='ocrx_word' id='word_1_394' title='bbox 127 3603 225 3657; x_wconf 86' lang='lat' dir='ltr'><strong>zeinen</strong></span> <span class='ocrx_word' id='word_1_395' title='bbox 248 3552 325 3658; x_wconf 60' lang='lat' dir='ltr'><strong>Teiie</strong></span> <span class='ocrx_word' id='word_1_396' title='bbox 353 3553 493 3673; x_wconf 63' lang='lat' dir='ltr'><strong>(memgcrc,</strong></span> <span class='ocrx_word' id='word_1_397' title='bbox 520 3610 589 3671; x_wconf 82' lang='lat'><strong>209).</strong></span> <span class='ocrx_word' id='word_1_398' title='bbox 607 3632 642 3645; x_wconf 88' lang='lat'><strong>-—</strong></span> <span class='ocrx_word' id='word_1_399' title='bbox 693 3605 824 3658; x_wconf 69' lang='lat' dir='ltr'><strong>cicuitum.</strong></span> <span class='ocrx_word' id='word_1_400' title='bbox 859 3602 1099 3684; x_wconf 65' lang='lat' dir='ltr'><strong>mortuariis</strong></span> <span class='ocrx_word' id='word_1_401' title='bbox 1124 3602 1206 3685; x_wconf 72' lang='lat' dir='ltr'><strong>iubes</strong></span> 
     </span>
     <span class='ocr_line' id='line_1_43' title="bbox 122 3669 1206 3740; baseline 0.002 -16"><span class='ocrx_word' id='word_1_402' title='bbox 122 3674 257 3740; x_wconf 76' lang='lat' dir='ltr'><strong>perorato</strong></span> <span class='ocrx_word' id='word_1_403' title='bbox 277 3676 332 3727; x_wconf 74' lang='lat'><strong>127.</strong></span> <span class='ocrx_word' id='word_1_404' title='bbox 692 3689 725 3726; x_wconf 85' lang='lat' dir='ltr'><strong>ec</strong></span> <span class='ocrx_word' id='word_1_405' title='bbox 752 3689 821 3740; x_wconf 78' lang='lat' dir='ltr'><strong>quoe</strong></span> <span class='ocrx_word' id='word_1_406' title='bbox 849 3669 922 3737; x_wconf 78' lang='lat' dir='ltr'><strong>(nou</strong></span> <span class='ocrx_word' id='word_1_407' title='bbox 948 3672 1032 3726; x_wconf 82' lang='lat' dir='ltr'><strong>mulie</strong></span> <span class='ocrx_word' id='word_1_408' title='bbox 1065 3671 1206 3739; x_wconf 79' lang='lat' dir='ltr'><strong>homenes)</strong></span> 
     </span>
    </p>

    <p class='ocr_par' dir='ltr' id='par_1_7' title="bbox 127 3739 1206 4014">
     <span class='ocr_line' id='line_1_44' title="bbox 163 3739 1206 3810; baseline 0 -16"><span class='ocrx_word' id='word_1_409' title='bbox 163 3743 221 3794; x_wconf 81' lang='lat'>209.</span> <span class='ocrx_word' id='word_1_410' title='bbox 240 3739 641 3810; x_wconf 77' lang='lat' dir='ltr'><strong>Derhiervoncic.gciusserte</strong></span> <span class='ocrx_word' id='word_1_411' title='bbox 692 3739 925 3808; x_wconf 76' lang='lat' dir='ltr'><strong>uooiiamoeruut,</strong></span> <span class='ocrx_word' id='word_1_412' title='bbox 935 3757 1028 3795; x_wconf 79' lang='lat' dir='ltr'><strong>omues</strong></span> <span class='ocrx_word' id='word_1_413' title='bbox 1033 3741 1206 3809; x_wconf 77' lang='lat' dir='ltr'><strong>pubir&#39;cauos,</strong></span> 
     </span>
     <span class='ocr_line' id='line_1_45' title="bbox 129 3807 1204 3880; baseline 0 -18"><span class='ocrx_word' id='word_1_414' title='bbox 129 3807 261 3863; x_wconf 84' lang='lat' dir='ltr'><strong>Gedcnke</strong></span> <span class='ocrx_word' id='word_1_415' title='bbox 286 3809 336 3864; x_wconf 80' lang='lat' dir='ltr'><strong>hot</strong></span> <span class='ocrx_word' id='word_1_416' title='bbox 362 3815 435 3864; x_wconf 84' lang='lat' dir='ltr'><strong>etwc</strong></span> <span class='ocrx_word' id='word_1_417' title='bbox 464 3809 642 3880; x_wconf 79' lang='lat' dir='ltr'><strong>gleichzeitig</strong></span> <span class='ocrx_word' id='word_1_418' title='bbox 693 3812 782 3863; x_wconf 82' lang='lat' dir='ltr'><strong>totum</strong></span> <span class='ocrx_word' id='word_1_419' title='bbox 810 3808 868 3877; x_wconf 76' lang='lat' dir='ltr'><strong>fere</strong></span> <span class='ocrx_word' id='word_1_420' title='bbox 897 3812 1046 3876; x_wconf 68' lang='lat' dir='ltr'><strong>mueeirem</strong></span> <span class='ocrx_word' id='word_1_421' title='bbox 1072 3809 1204 3873; x_wconf 80' lang='lat' dir='ltr'><strong>ordinem,</strong></span> 
     </span>
     <span class='ocr_line' id='line_1_46' title="bbox 127 3875 1205 3946; baseline 0.001 -17"><span class='ocrx_word' id='word_1_422' title='bbox 127 3875 159 3930; x_wconf 91' lang='lat' dir='ltr'><strong>in</strong></span> <span class='ocrx_word' id='word_1_423' title='bbox 182 3876 242 3930; x_wconf 88' lang='lat' dir='ltr'><strong>dem</strong></span> <span class='ocrx_word' id='word_1_424' title='bbox 264 3877 372 3944; x_wconf 83' lang='lat' dir='ltr'><strong>System</strong></span> <span class='ocrx_word' id='word_1_425' title='bbox 396 3878 443 3932; x_wconf 86' lang='lat' dir='ltr'><strong>dos</strong></span> <span class='ocrx_word' id='word_1_426' title='bbox 465 3879 489 3933; x_wconf 76' lang='grc' dir='ltr'><strong>Δ</strong></span> <span class='ocrx_word' id='word_1_427' title='bbox 509 3879 640 3932; x_wconf 91' lang='lat' dir='ltr'><strong>oilodoros</strong></span> <span class='ocrx_word' id='word_1_428' title='bbox 692 3876 782 3931; x_wconf 83' lang='lat' dir='ltr'><strong>mulio</strong></span> <span class='ocrx_word' id='word_1_429' title='bbox 794 3876 913 3945; x_wconf 76' lang='lat' dir='ltr'><strong>propriu</strong></span> <span class='ocrx_word' id='word_1_430' title='bbox 925 3877 1085 3946; x_wconf 57' lang='lat' dir='ltr'><strong>municipio,</strong></span> <span class='ocrx_word' id='word_1_431' title='bbox 1103 3876 1205 3930; x_wconf 83' lang='lat' dir='ltr'><strong>multos</strong></span> 
     </span>
     <span class='ocr_line' id='line_1_47' title="bbox 128 3944 1204 4014; baseline -0.003 -14"><span class='ocrx_word' id='word_1_432' title='bbox 128 3959 183 4000; x_wconf 83' lang='lat' dir='ltr'><strong>von</strong></span> <span class='ocrx_word' id='word_1_433' title='bbox 195 3945 349 4014; x_wconf 73' lang='lat' dir='ltr'><strong>Pergamon</strong></span> <span class='ocrx_word' id='word_1_434' title='bbox 365 3946 459 4001; x_wconf 89' lang='lat' dir='ltr'><strong>scinen</strong></span> <span class='ocrx_word' id='word_1_435' title='bbox 502 3947 640 4000; x_wconf 83' lang='lat' dir='ltr'><strong>ussischen</strong></span> <span class='ocrx_word' id='word_1_436' title='bbox 691 3944 741 4000; x_wconf 81' lang='lat' dir='ltr'><strong>odo</strong></span> <span class='ocrx_word' id='word_1_437' title='bbox 766 3949 792 4000; x_wconf 86' lang='lat' dir='ltr'><strong>ie</strong></span> <span class='ocrx_word' id='word_1_438' title='bbox 817 3945 941 4014; x_wconf 76' lang='lat' dir='ltr'><strong>defensos</strong></span> <span class='ocrx_word' id='word_1_439' title='bbox 967 3944 1089 3999; x_wconf 75' lang='lat' dir='ltr'><strong>homiues</strong></span> <span class='ocrx_word' id='word_1_440' title='bbox 1114 3944 1204 3998; x_wconf 82' lang='lat' dir='ltr'><strong>cuiue·</strong></span> 
     </span>
    </p>
   </div>
   <div class='ocr_carea' id='block_1_6' title="bbox 181 4031 1049 4084">
    <p class='ocr_par' dir='ltr' id='par_1_8' title="bbox 181 4031 1049 4084">
     <span class='ocr_line' id='line_1_48' title="bbox 181 4031 1049 4084; baseline -0.001 -3"><span class='ocrx_word' id='word_1_441' title='bbox 181 4037 270 4082; x_wconf 77' lang='lat' dir='ltr'><strong>Brutus.</strong></span> <span class='ocrx_word' id='word_1_442' title='bbox 295 4038 314 4081; x_wconf 77' lang='lat'><strong>5.</strong></span> <span class='ocrx_word' id='word_1_443' title='bbox 328 4039 388 4084; x_wconf 75' lang='lat' dir='ltr'><strong>Anu.</strong></span> <span class='ocrx_word' id='word_1_444' title='bbox 1019 4031 1049 4080; x_wconf 87' lang='lat'><strong>10</strong></span> 
     </span>
    </p>
   </div>
   <div class='ocr_carea' id='block_1_7' title="bbox 0 0 1428 4574">
    <p class='ocr_par' dir='ltr' id='par_1_9' title="bbox 0 0 1428 4574">
     <span class='ocr_line' id='line_1_49' title="bbox 0 0 1428 4574; baseline 0 4"><span class='ocrx_word' id='word_1_445' title='bbox 0 0 1428 4574; x_wconf 95' lang='lat' dir='ltr'><strong> </strong></span> 
     </span>
    </p>
   </div>
  </div>
 </body>
</html>
